@MISC{AtelierB,
  KEY = {Atelier-B},
  TITLE = {Site WEB de l'atelier {B}},
  NOTE = {\url{http://www.atelierb.societe.com}}
}

@Book{BC-04-COQ,
  author = 	 { Bertot and P. Cast\'eran, Y.},
  title = 	 {Interactive Theorem Proving and Program Development; Coq'Art: The Calculus of Inductive Constructions},
  publisher = 	 {Springer},
  year = 	 {2004},
  series = 	 {Series: Texts in Theoretical Computer Science. An EATCS Series}
}

 

@INPROCEEDINGS{BRL-03-JACK,
   Author = {Burdy{,} A. Requet and J.-L. Lanet, L.},
   Title = {Java Applet Correctness: A Developer-Oriented Approach},
   Booktitle = {FME 2003: Formal Methods: International Symposium of Formal Methods Europe},
   Editor = {K. Araki and S. Gnesi and D. Mandrioli},
   Volume = {2805},
   Series = {Lecture Notes in Computer Science},
   Pages = {422--439},
   Publisher = {Springer-Verlag},
   Year = {2003},
   PSurl = {ftp://ftp-sop.inria.fr/everest/publis/2003/BRL03fme.ps.gz}
}



@article{BurdyEtAl05:STTT,
   author = { Burdy{,} Y. Cheon {,} D. Cok{,}  M.
	Ernst{,} J. Kiniry{,} G. Leavens{,}  K. Rustan{,} M. Leino
	et Erik Poll, L.},
   title = {An overview of {JML} tools and applications},
   journal = {Software Tools for Technology Transfer},
   year = {2005}
}

@proceedings{CASSIS-04,
  editor    = {Gilles Barthe and
               Lilian Burdy and
               Marieke Huisman and
               Jean-Louis Lanet and
               Traian Muntean},
  title     = {Construction and Analysis of Safe, Secure, and Interoperable
               Smart Devices, International Workshop, CASSIS 2004, Marseille,
               France, March 10-14, 2004, Revised Selected Papers},
  booktitle = {CASSIS},
  publisher = {Springer},
  series    = {Lecture Notes in Computer Science},
  volume    = {3362},
  year      = {2005},
  isbn      = {3-540-24287-2},
  bibsource = {DBLP, http://dblp.uni-trier.de}
}

@InProceedings{CH02,
  author = 	 {{Cata\~no} and  M. {Huisman}, N.},
  title = 	 {Formal specification of \textsc{Gemplus}' electronic purse case study},
  booktitle = 	 {FME: Formal Methods Europe},
  pages = 	 {272-289},
  year = 	 {2002},
  editor = 	 {Lars-Henrik Eriksson and Peter A. Lindsay},
  volume = 	 {2391},
  series = 	 {Lecture Notes in Computer Science},
  address = 	 {Copenhagen, Denmark},
  month = 	 {July 22-24},
  publisher = {Springer}
}

@Misc{COK-04-ESC,
  key =          { ESC/Java2-Impl },
  author =       { D. Cok },
  title =        { ESC/Java2 Implementation Notes },
  howpublished = { },
  year =         2004,
  note =         { Included with all ESC/Java2 releases. }
}



@inproceedings{COK-04-METH,
  author = 	 {D. Cok},
  title = 	 {Reasoning with specifications containing method calls and model fields},
  year = 	 {2005},
  month =        october,
  series =  "Journal of Object Technology",
  booktitle = "Special Issue: ECOOP 2004 Workshop FTfJP",
  volume = 4,
  number = {8},
  pages =        {77-103},
  PSurl =        {http://www.cs.ru.nl/~erikpoll/ftfjp/2004/SpecificationsWithMethodCalls.pdf}
}


@inproceedings{COKK-04-ESCJ,
  author    = {Cok and
               J. Kiniry, D.},
  title     = {{ESC}/{J}ava2: Uniting {ESC}/{J}ava and {JML}.},
  booktitle = {CASSIS},
  year      = {2004},
  pages     = {108-128}, 
  publisher = {Springer},
  series    = {Lecture Notes in Computer Science},
  volume = 3362,
  ee        = {http://springerlink.metapress.com/openurl.asp?genre=article{\&}issn=0302-9743{\&}volume=3362{\&}spage=108},
  crossref  = {CASSIS-04},
  bibsource = {DBLP, http://dblp.uni-trier.de}
}



@proceedings{DBLP:conf/lpar/2000,
  editor    = {Michel Parigot and
               Andrei Voronkov},
  title     = {Logic for Programming and Automated Reasoning, 7th International
               Conference, LPAR 2000, Reunion Island, France, November
               11-12, 2000, Proceedings},
  booktitle = {LPAR},
  publisher = {Springer},
  series    = {Lecture Notes in Computer Science},
  volume    = {1955},
  year      = {2000},
  bibsource = {DBLP, http://dblp.uni-trier.de}
}

@inproceedings{DEL-00-LTAC,
  author    = {D. Delahaye},
  title     = {A Tactic Language for the System {C}oq.},
  booktitle = {LPAR},
  year      = {2000},
  pages     = {85-95},
  ee        = {http://link.springer.de/link/service/series/0558/bibs/1955/19550085.htm},
  crossref  = {DBLP:conf/lpar/2000},
  bibsource = {DBLP, http://dblp.uni-trier.de}
}

@PHDTHESIS{DUF-03-V,
   Author = {G. Dufay},
   Title = {V\'erification formelle de la plate-forme Java Card},
   School = {Universit\'e de Nice Sophia-Antipolis},
   Month = {December},
   Year = {2003},
   Url = {http://www-sop.inria.fr/lemme/personnel/Guillaume.Dufay/these/},
   PDFurl = {http://www-sop.inria.fr/lemme/personnel/Guillaume.Dufay/these/these-gdufay.pdf}
}



@Misc{ESCJava,
  key =          { ESCJava },
  author =       { Cormac Flanagan and {K.~Rustan} M.~Leino and Mark
                  Lillibridge and Greg Nelson and James B.~Saxe and
                  Raymie Stata and others },
  title =        " The {Extended Static Checker} for {Java} ",
  year =         1999,
  note =         { See \href{http://research.compaq.com/SRC/esc/}
                        {http://research.compaq.com/SRC/esc/} }
}

@TechReport{GIM-98-CiC,
  author = 	 {E. Gim\'enez},
  title = 	 { A tutorial on recursive types in coq},
  institution =  {INRIA},
  year = 	 {1998},
  month = 	 {March}
}

 @inproceedings{Mueller05,
 author = {M\"uller, P.},
 title = {Reasoning about Object Structures Using Ownership},
 year = {2005},
 note = {To appear},
 booktitle = {Verified Software: Theories, Tools, Experiments}
}
 

 @inproceedings{DarvasMueller-05,
 author = {Darvas, \'A. and M\"uller, P.},
 title = {Reasoning {A}bout {M}ethod {C}alls in {JML} {S}pecifications},
 booktitle = {Formal Techniques for {J}ava-like Programs},
 year = {2005}
}
 

@misc{ barnett04pure,
  author = "M. Barnett and W. Naumann and Q. Sun",
  title = "pure: useful abstractions in specifications",
  text = "Barnett M, Naumann DA, Schulte W, Sun Q (2004) 99.44% pure: useful abstractions
    in specifications. In: Formal techniques for Java-like programs. Proceedings
    of the ECOOP'2004 workshop. Technical Report NIII-R0426, University of Nijmegen,
    pp 11--18",
  year = "2004",
  url = "citeseer.ist.psu.edu/barnett04pure.html" } 

@Article{JAC-04-WPR,
  key =          "Jacobs",
  AUTHOR =       "B. Jacobs",
  TITLE =        "Weakest Precondition Reasoning for {Java} Programs
                  with {JML} Annotations",
  JOURNAL =      "Journal of Logic and Algebraic Programming",
  PUBLISHER =    "Elsevier",
  pages =        "61-88",
  volume =       58,
  YEAR =         2004
}

@misc{Jack-Web,
  author =       { Burdy et al, L.},
  title =        {The {J}ack website},
  year =         "2004-2006",
  note =         {  \url{http://www-sop.inria.fr/everest/soft/Jack} }
}
@misc{Eclipse-Web,
  author =       {The Eclipse Consortium},
  title =        {The {E}clipse website},
  note =         {  \url{http://www.eclipse.org/} }
}
@BOOK{JavaSpec,
  AUTHOR = {Lindholm et F. Yellin, T. },
  TITLE = {The Java Virtual Machine Specification, Second Edition},
  NOTE = {ISBN 0-201-43294-3},
  YEAR = {1999},
  PUBLISHER = {Addison-Wesley},
  SERIES = {},
  URL = {http://java.sun.com/docs/books/vmspec/}
}


@Unpublished{LPCCR-03-JML,
  Key = 	{Leavens \& Poll \& Clifton \& Cheon \& Ruby},
  Author = 	{Leavens{,} E. Poll{,}  C. Clifton{,}
                 Y. Cheon{,} C. Ruby{,} D. Cok et J. Kiniry, G.},
  Title = 	{{JML} Reference Manual},
  Year  =       2006,
  Note  =       {Department of Computer Science,
                 Iowa State University.
                 Available here: {\url{http://www.jmlspecs.org}}}
}


@ARTICLE{MPMU-04-JLAP,
  AUTHOR = {Claude March{\'e} and Christine Paulin-Mohring and Xavier Urbain},
  TITLE = {The \textsc{Krakatoa} Tool for Certification of \textsc{Java/JavaCard} Programs annotated in \textsc{JML}},
  JOURNAL = {Journal of Logic and Algebraic Programming},
  YEAR = 2004,
  VOLUME = 58,
  NUMBER = {1--2},
  PAGES = {89--106},
  URL = {http://krakatoa.lri.fr},
  TOPICS = {team},
  TYPE_PUBLI = {irevcomlec}
}


 @book{GJSB-00-JAVA,
 author = {James Gosling and Bill Joy and Guy Steele and Gilad Bracha},
 title = {Java Language Specification, Second Edition: The Java Series},
 year = {2000},
 isbn = {0201310082},
 publisher = {Addison-Wesley Longman Publishing Co., Inc.},
 address = {Boston, MA, USA},
 }
@misc{four-color,
  title = {Preuve de la v\'erification d'une preuve 
du th\'eor\`eme des 4 couleurs en {C}oq},
  author={G. Gonthier et al},
  note= { Elle est disponible \`a l'adresse:
\ url{http://research.microsoft.com/research/downloads/download.aspx?FUID={54 64E7B1-BD58-4F7C-BFE1-5D3B32D42E6D}}}}


@TechReport{MarletLeMetayer01,
  author = 	 {Renaud Marlet and Daniel Le M\'{e}tayer},
  title = 	 {Security Properties and Java Card Specificities
                  to be Studied in the SecSafe Project},
  institution =  {Trusted Logic S.A.},
  year = 	 {2001},
  number =	 {SECSAFE-TL-006},
  month =	 aug,
  url = {http://www.doc.ic.ac.uk/~siveroni/secsafe/docs/secsafe-tl-006.pdf}
}


@TechReport{MarletMesnil02,
  author = 	 {Renaud Marlet and Cedric Mesnil},
  title = 	 {Demoney: A Demonstrative Electronic
Purse --- Card specification},
  institution =  {Trusted Logic S.A.},
  year = 	 {2002},
  number =	 {SECSAFE-TL-007},
  month =	 nov,
  url = {http://www.doc.ic.ac.uk/~siveroni/secsafe/docs/secsafe-tl-007-0.8.pdf}
}

@InProceedings{RD-04-LWTP,
  author = 	 {S. Ranise and D. Deharbe},
  title = 	 {Light-Weight Theorem Proving for Debugging and Verifying Units of Code},
  booktitle = {Proc. of the International Conference on Software Engineering and Formal Methods (SEFM03)},
  year = 	 {2003},
  month = 	 {September},
  publisher = {IEEE Computer Society Press},
  note = 	 {Camberra, Australia},
}
@InProceedings{johnsen04tphols,
  author =       { Broch Johnsen et C. L\"{u}th, E.},
  key =          {Johnsen and L\"{u}th},
  title =        {Theorem Reuse by Proof Term Transformation},
  booktitle =    "17th International Conference on Theorem Proving in
                  Higher Order Logics ({TPHOLs'04})",
  editor =       {Konrad Slind and Annette Bunker and Ganesh Gopalakrishnan},
  pages =        {152--167},
  series    =    {Lecture Notes in Computer Science},
  volume =       3223,
  publisher =    "Springer-Verlag",
  year =         2004,
  month =        sep
}

@misc{simplify,
  title = {Simplify},
  note= { Its 'official' website:
 	 \url{http://research.compaq.com/SRC/esc/Simplify.html}.}
}

@Unpublished{dbc-jml,
  author = 	 {Leavens and Y. Cheon,  G. },
  title = 	 {Design by Contract with {JML}},
  note = 	 {The article is available:
 	 \url{ftp://ftp.cs.iastate.edu/pub/leavens/JML/jmldbc.pdf}}

}


@techreport{ salcianu04combined,
  author = "A. Salcianu and M. Rinard",
  title = "A combined pointer and purity analysis for {Java} programs",
  number = "MIT-CSAILTR-949", 
  institution = "MIT",
  month = may,
  year = "2004",
  url = "citeseer.ist.psu.edu/salcianu04combined.html"
 }

@inproceedings{salcianu05,
 author = "A. Salcianu and M. Rinard",
 title = "Purity and Side Effect Analysis for Java Programs",
 series =  "Lecture Notes in Computer Science",
 volume =  3385,
 pages =  {199--215},
 year = "2005",
 month = january,
 publisher =    "Springer-Verlag",
 url = "springerlink.metapress.com/openurl.asp?genre=article\&id=HRGARN1Y96EAFH1P"}



@inproceedings{naumann05,
   author = {Naumann, David A.},
   title = "Observational Purity and Encapsulation",
   series =  "Lecture Notes in Computer Science",
   volume = 3442,
   pages = {190--204},
   year = "2005",
   month = january,
   publisher =    "Springer-Verlag",
   url = "springerlink.metapress.com/openurl.asp?genre=article\&id=0YEGN2R4TPWYCQ60"
}



 @inproceedings{LeinoMueller06,
 author = {Leino, K. R. M. and M\"uller, P.},
 title = {A verification methodology for model fields},
 booktitle = {European Symposium on Programming (ESOP)},
 year = {2006},
 publisher =    "Springer-Verlag",
 series = {Lecture Notes in Computer Science}
}
 @misc{ breunesse03verifying,
  author = "C. Breunesse and E. Poll",
  title = "Verifying {JML} specifications with model fields",
  note = "In Formal Techniques for Java-like Programs. Proceedings of the ECOOP'2003.",
  year = "2003",
  url = "citeseer.ist.psu.edu/breunesse03verifying.html" }


@misc{Why-Tool,
  title = {The {W}hy {T}ool},
  author =  {Filli\^atre, J.-C.},
  note = {\url{http://why.lri.fr/}}
}
