%% added for test

@TechReport{PaBaBu03,
  author =       "M. Pavlova and G. Barthe and L. Burdy and M. Huisman and J.-L. Janet",
  title =        "{Enforcing High-Level Security Properties For Applets}",
  type =         "Technical Report",
  number =       "nr. {RR}-5061",
  institution =  "INRIA",
  year =         "2003",
}


@article{Schneider2000,
 author = {Fred B. Schneider},
 title = {Enforceable security policies},
 journal = {ACM Trans. Inf. Syst. Secur.},
 volume = {3},
 number = {1},
 year = {2000},
 issn = {1094-9224},
 pages = {30--50},
 doi = {http://doi.acm.org/10.1145/353323.353382},
 publisher = {ACM Press},
 }