@STRING{ENTCS   = "ENTCS"}
@string{elsevier="Elsevier  Publishing"}
@string {LNCS           = {LNCS}}
@string{springer        = {Springer}}%{Springer-Verlag}}            %
@string{tacas00 	= "Tools and Algorithms
                           for the Construction and Analysis of
		  Systems (TACAS 2000)"}
@string{fase00          = "Fundamental Approaches to Software Engineering (FASE 2000)"}
@string{fase01          = "Fundamental Approaches to Software Engineering (FASE 2001)"}

@Book{Alexander79,
  author = 	 {C. Alexander},
  ALTeditor = 	 {},
  title = 	 {The Timeless Way of Building},
  publisher = 	 {Oxford University Press},
  year = 	 {1979},
}

@misc{BanderaURL,
key = {Bandera},
title={{Bandera project}},
note={\verb!http://www.cis.ksu.edu/santos/bandera!}}

@inproceedings{bartetzko01assertions,
    author = {D. Bartetzko and C. Fischer and M. M{\"o}ller and 
              H. Wehrheim},
    title = {{Jass~{--}~Java with Assertions}},
    booktitle = ENTCS,
    volume = {55},
    issue = {2},
    publisher = elsevier,
    editor = {K. Havelund and G. Rosu},
    year = {2001}
}

@INPROCEEDINGS{BergJP01,
  AUTHOR =       "Berg, J. van den and B. Jacobs and E. Poll",
  TITLE =        {{Formal Specification and Verification of JavaCard's
                  Application Identifier Class}},
  EDITOR =       {I. Attali and T. Jensen},
  BOOKTITLE =    {Java on Smart Cards: Programming and Security},
  SERIES =       LNCS,
  number =       {2041},
  PAGES =        {137--150},
  PUBLISHER =    {Springer},
  YEAR =         2001
}

@techreport{BretagneMGL00,
    author = "E. Bretagne and A. El Marouani and P.Girard and J.-L. Lanet",
    title = "PACAP Purse and Loyalty specification",
    number = "V 0.4",
    year = "2000",
    institution = "Gemplus" ,
}

@inproceedings{BreunesseJB02,
title = {{Specifying and Verifying an Example: a decimal representation in Java for smartcards }},
author = "C. Breunesse and B. Jacobs and Berg, J. van den",
year = 2002,
booktitle = "Annual VerifiCard Meeting",
note = "To appear"
}

@misc{CatanoH01URL,
title = {Annotated files {Electronic Purse} case study},
author = "N. Cata{\~n}o and M. Huisman",
note = "\texttt{http://www-sop.inria.fr/lemme/verificard/electronic\_purse}",
year = 2001
}

@misc{CatanoH02b,
title = {The modifies clause: semantics, verification and application},
author = "N. Cata{\~n}o and M. Huisman",
note = "Manuscript",
year = 2002
}
@TechReport{CorbettDHR01,
  author = 	 {J. Corbett and M. Dwyer and J. Hatcliff and Robby},
  title = 	 {{Expressing Checkable Properties of Dynamic Systems: the Bandera Specification Language}},
  institution =  {Kansas State University, Department of Computing and Information Sciences},
  year = 	 {2001},
  number = 	 {2001-04},
}

@InProceedings{CorbettDHLPRZ00,
  author = 	 {J. Corbett and M. Dwyer and J. Hatcliff and S. Laubach and C. P\u as\u areanu and Robby and H. Zheng},
  title = {{Bandera: Extracting finite-states models from Java source code}},
  booktitle = 	 {22nd International Conference on Software Engineering},
  pages = 	 {439--448},
  year = 	 {2000},
  month = 	 {June},
}

@InProceedings{DwyerAC98,
  author = 	 {M. Dwyer and G. Avrunin and J. Corbett},
  booktitle = 	 {2nd Workshop on Formal Methods in Software Practice},
  pages = 	 {7--15},
  year = 	 {1998},
  title = 	 {{Property Specification Patterns for Finite-state Verification}},
  month = 	 {March},
}



@misc{ESCJavaUrl,
title        = {{Extended static checking for Java}},
key       = {ESC},
note    = {\texttt{http://research.compaq.com/SRC/esc/}}
}

@misc{EscJmlDiff,
title = {DIFFERENCES BETWEEN {E}SC/{Java} AND {JML}},
note = {Comes with {JML} distribution, in file \texttt{esc-jml-diffs.txt}},
year = 2000,
key = {EJ00}
}

@inproceedings{FlanaganL01,
title = {Houdini, an annotation assistant for {ESC/Java}},
author = {C. Flanagan and K.R.M. Leino},
booktitle = {Formal Methods Europe 2001 (FME'01): 
Formal Methods for Increasing Software Productivity}, 
editor = {J.N. Oliveira and P. Zave},
series = LNCS,
number = 2021,
publisher = springer,
year = 2001,
pages = {500--517}
}

@inproceedings{HavelundR01,
title = "Java PathExplorer - A Runtime Verification Tool",
author = "K. Havelund and G. Rosu",
booktitle = "6th International Symposium on AI, Robotics and Automation in Space",
year = 2001
}

@article{JacobsMP01,
  author = 	 {B. Jacobs and H. Meijer and E. Poll},
  title = 	 {{VerifiCard}: a {European Project for Smart Card Verification}},
  journal = 	 {Newsletter of the Dutch Association for Theoretical Computer Science ({NVTI})},
  volume = 5,
  year = 	 {2001},
}


@INPROCEEDINGS{JacobsP01,
AUTHOR = "B. Jacobs and E. Poll",
title = {A Logic for the {Java Modeling Language JML}},
series = lncs,
publisher = springer,
editor = "H. Hussmann",
PAGES        = "284--299",
number = "2029",
booktitle = fase01,
year = 2001
}		  

@misc{JassUrl,
title        = {{The JASS project}},
key       = {JASS},
note    = {\texttt{http://semantik.informatik.uni-oldenburg.de/}\verb|~|\texttt{jass/}}
}

@misc{JavaCardAPI,
title = {{Java Card 2.1. Platform Application Programming Interface (API) Specification}},
key = {API},
note = {\texttt{http://java.sun.com/products/javacard/htmldoc/}}
}

@Misc{JavaCardURL,
title={{JavaCard Technology}},
key = {JavaCard},
note= {\texttt{http://java.sun.com/products/javacard/}}
}

% was also known as Huisman00
@PhdThesis{Huisman01,
  author = 	 {M. Huisman},
  title = 	 {{Reasoning about Java Programs in Higher Order Logic with PVS and Isabelle}},
  school = 	 {University of Nijmegen},
  year = 	 {2001},
}

% was also known as HuismanJB00a
@ARTICLE{HuismanJB01, 
AUTHOR       = "M. Huisman and B. Jacobs and Berg, J. van den", 
TITLE        = "A case study in class library verification:
	        {Java}'s {Vector} class", 
JOURNAL      = "Software Tools for Technology Transfer (STTT)",
volume       = "3/3",
pages        = "332 -- 352",
YEAR         = 2001}


@InProceedings{HuismanJ00,
  author = 	 {M. Huisman and B. Jacobs},
  title = 	 {{Java Program Verification via a Hoare Logic with Abrupt Termination}},
  booktitle = 	 fase00,
  pages = 	 {284-303},
  year = 	 {2000},
  number = 	 {1783},
  series = 	 LNCS,
  publisher = springer,
}

@TechReport{LeavensBR99,
  Author =      "G.T. Leavens and A.L. Baker and C. Ruby",
  Title =       "{Preliminary Design of JML:
        a Behavioral Interface Specification Language for Java}",
  Institution = "Iowa State University, Department of Computer Science",
  Year =        1998,
  Number =      "98-06",
  URL = "ftp://ftp.cs.iastate.edu/pub/techreports/TR98-06/TR.ps.gz"
}



@inproceedings{LeavensEtAl00,
  Key =         "Leavens, {\em et al.}",
  Author =      "G.T. Leavens and K.R.M. Leino and E. Poll and
                 C. Ruby and B. Jacobs",
  Title =       "{JML: Notations and Tools Supporting Detailed Design in 
Java}",
  BookTitle =   "OOPSLA 2000 Companion",
  Year =        2000,
  Month =       "October",
  Pages =       "105--106",
  URL =         "ftp://ftp.cs.iastate.edu/pub/techreports/TR00-15/TR.ps.gz",
}



@TECHREPORT{LeinoNS00,
AUTHOR = "K.R.M. Leino and G. Nelson and J.B. Saxe",
TITLE  = "{ESC/Java} User's Manual",
INSTITUTION = "Compaq System Research Center",
NUMBER = "SRC 2000-002",
YEAR = 2000
}		  


@misc{LoopUrl,
title        = {{The LOOP project}},
key       = {LOOP},
note    = {\texttt{http://www.cs.kun.nl/\~{}bart/LOOP/}}
}

@misc{LoopAPIURL,
note = {\texttt{http://www.cs.kun.nl/}\verb|~|\texttt{erikpoll/publications/jc211\_specs.html}},
title = {{ESC/Java specifications for the Java Card API 2.1.1}},
key = {LoopAPI}
}

@inproceedings{MeijerP01,
  author =       {Meijer, H. and Poll, E.},
  title =        {{Towards a Full Formal Specification of the Java Card API}},
  editor =       {I. Attali and T. Jensen},
  booktitle =    {Smart Card Programming and Security (E-smart 2001)},
  series =       LNCS,
  publisher =    Springer,
  year =         {2001},
  number =       {2140},
  pages  =       {165--178},
}




@BOOK{Meyer97, 
AUTHOR       = "B. Meyer",
TITLE        = "{Object-Oriented Software Construction}",
PUBLISHER    = "Prentice Hall",
EDITION      = "2nd rev.",
YEAR         = 1997}

@INPROCEEDINGS{MeyerP00,
AUTHOR = {J. Meyer and A. Poetzsch-Heffter},
TITLE = {An Architecture of Interactive Program Provers},
YEAR = 2000,
BOOKTITLE = tacas00,
EDITOR = "S. Graf and M. Schwartzbach",
PUBLISHER = Springer,
SERIES = lncs,
number = 1785,
pages = "63--77"
}


@misc{PatternsURL,
  key = {Patterns},
  title = 	 {A system of specification patterns},
  note = {\texttt{http://www.cis.ksu.edu/}\verb|~|\texttt{dwyer/spec-patterns.html}}
}

@inproceedings{PollBergJacobs99,
        author    = {E. Poll and J. van den Berg and B. Jacobs},
        title     = {{Specification of the \mbox{JavaCard} API in JML}},
        booktitle = {proceedings of 4th Smart Card Research and Advanced Application
                Conference},
        editor    = "J. Domingo-Ferrer and D. Chan and A. Watson",
        pages     = "135--154",
        year      = "1999",
        month     = "September" 
}


@misc{PurseUrl,
title        = {{Applet Benchmark Kit}},
author       = "Gemplus",
key       = {Purse},
note    = {\\\texttt{http://www.gemplus.com/smart/r\_d/publications/case-study/}}
}

@MastersThesis{Robby00,
  author = 	 {Robby},
  title = 	 {{Bandera Specification Language: a Specification Language for Software Model Checking}},
  school = 	 {Kansas State University},
  year = 	 {2000},
}




@misc{ SM99,
    key = "JCard",
    title = "\textsc{JavaCard} 2.1 Application Programming Interface",
    howpublished = "Sun Microsystems Inc. {http$:$//java.sun.com/products/javacard/}",
    year = "1999",
    note    = {\texttt{http://www.gemplus.com/smart/r\_d/publications/case-study/}}
}
































