@Unpublished{MobiusPVE07,
  author =       "Mobius Consortium",
  title =        "Mobius {P}rogram {V}erification {E}nvironment",
  year =         "2007",
  keywords =     "mobius, wp3",
  note =         "A beta version is available online 
                  from \url{http://mobius.inria.fr}",
}

@InProceedings{pointcuts07,
  author = 	 {Yi Wang and Jianjun Zhao},
  title = 	 {Specifying Pointcuts in AspectJ},
  OPTcrossref =  {},
  OPTkey = 	 {},
  booktitle = { 3rd Asian Workshop on Aspect-Oriented Software Development (AOAsia 2007)},
  OPTpages = 	 {},
  year = 	 {2007},
  OPTeditor = 	 {},
  OPTvolume = 	 {},
  OPTnumber = 	 {},
  OPTseries = 	 {},
  address = 	 {Beijing, China},
  OPTmonth = 	 {},
  OPTorganization = {},
  OPTpublisher = {},
  OPTnote = 	 {},
  OPTannote = 	 {}
}

@article{HartelMoreau01,
 author = {Pieter H. Hartel and Luc Moreau},
 title = {Formalizing the safety of Java, the Java virtual machine, and Java card},
 journal = {ACM Comput. Surv.},
 volume = {33},
 number = {4},
 year = {2001},
 issn = {0360-0300},
 pages = {517--558},
 doi = {http://doi.acm.org/10.1145/503112.503115},
 publisher = {ACM Press},
 address = {New York, NY, USA},
 }

@inproceedings{AspectJ04,
 author = {Erik Hilsdale and Jim Hugunin},
 title = {Advice weaving in AspectJ},
 booktitle = {AOSD '04: Proceedings of the 3rd international conference on Aspect-oriented software development},
 year = {2004},
 isbn = {1-58113-842-3},
 pages = {26--35},
 location = {Lancaster, UK},
 doi = {http://doi.acm.org/10.1145/976270.976276},
 publisher = {ACM Press},
 address = {New York, NY, USA},
 }

@inproceedings{976276,
 author = {Erik Hilsdale and Jim Hugunin},
 title = {Advice weaving in AspectJ},
 booktitle = {AOSD '04: Proceedings of the 3rd international conference on Aspect-oriented software development},
 year = {2004},
 isbn = {1-58113-842-3},
 pages = {26--35},
 location = {Lancaster, UK},
 doi = {http://doi.acm.org/10.1145/976270.976276},
 publisher = {ACM Press},
 address = {New York, NY, USA},
 }

@inproceedings{GoldmanK06,
   Author = {Goldman, M and Katz, Shmuel},
   Title = {Modular Generic verification of {LTL} Properties for Aspects},
   BookTitle = {Foundations of Aspect Languages Workshop (FOAL06)},
      Year = {2006} }


@inproceedings{DBLP:conf/fsttcs/Oheimb99,
  author    = {David von Oheimb},
  title     = {Hoare Logic for Mutual Recursion and Local Variables.},
  booktitle = {FSTTCS},
  year      = {1999},
  pages     = {168-180},
  ee        = {http://link.springer.de/link/service/series/0558/bibs/1738/17380168.htm},
  crossref  = {DBLP:conf/fsttcs/1999},
  bibsource = {DBLP, http://dblp.uni-trier.de}
}

@article{DBLP:journals/scp/CliftonL06,
  author    = {Curtis Clifton and
               Gary T. Leavens},
  title     = {MiniMAO: An imperative core language for studying aspect-oriented
               reasoning.},
  journal   = {Sci. Comput. Program.},
  volume    = {63},
  number    = {3},
  year      = {2006},
  pages     = {321-374},
  ee        = {http://dx.doi.org/10.1016/j.scico.2006.02.009},
  bibsource = {DBLP, http://dblp.uni-trier.de}
}

@misc{ clifton05minimao,
  author = "C. Clifton and G. Leavens",
  title = "MiniMAO: Investigating the semantics of proceed",
  text = "Curtis Clifton and Gary T. Leavens. MiniMAO: Investigating the semantics
    of proceed. Technical Report TR05-01, Iowa State University, 2005. Available
    from ftp://ftp.cs. iastate.edu/pub/techreports/TR05-01/TR.ps.gz.",
  year = "2005",
  url = "citeseer.ist.psu.edu/clifton05minimao.html" }



@misc{ clifton02spectators,
  author = "C. Clifton and G. Leavens",
  title = "Spectators and assistants: Enabling modular aspect-oriented reasoning",
  text = "Curtis Clifton and Gary T. Leavens. Spectators and assistants: Enabling
    modular aspect-oriented reasoning. Technical Report 02-10, Iowa State University,
    Department of Computer Science, October 2002.",
  year = "2002",
  url = "citeseer.ist.psu.edu/clifton02spectators.html" }


@InProceedings{Clifton-Leavens05,
  author = 	 {Curtis Clifton and Gary T. Leavens},
  title = 	 {MiniMAO: Investigating the Semantics of Proceed},
  booktitle =	 {FOAL 2005 Proceedings: Foundations of Aspect-Oriented
                  Languages Workshop at AOSD 2005, Chicago, IL},
  pages =	 {57-67},
  year =	 2005,
  editor =	 {Curtis Clifton and Ralf L\"{a}mmel and and Gary T. Leavens},
  number =	 {05-05},
  series =	 {TR},
  address =	 {Ames, IA, 50011},
  month =	 mar,
  organization = {Dept. of Computer Science, Iowa State University},
  URL =
                  "\url{http://www.cs.iastate.edu/~leavens/FOAL/papers-2005/proceedings.pdf}",
  annote =	 {18 references.}
}


@inproceedings{Katz06,
  author    = {Shmuel Katz},
  title     = {Aspect Categories and Classes of Temporal Properties.},
  booktitle = {T. Aspect-Oriented Software Development I},
  year      = {2006},
  pages     = {106-134},
  ee        = {http://dx.doi.org/10.1007/11687061_4},
  crossref  = {DBLP:journals/taosd/2006-1},
  bibsource = {DBLP, http://dblp.uni-trier.de}
}
@proceedings{DBLP:journals/taosd/2006-1,
  editor    = {Awais Rashid and
               Mehmet Aksit},
  title     = {Transactions on Aspect-Oriented Software Development I},
  booktitle = {T. Aspect-Oriented Software Development I},
  publisher = {Springer},
  series    = {Lecture Notes in Computer Science},
  volume    = {3880},
  year      = {2006},
  isbn      = {3-540-32972-2},
  bibsource = {DBLP, http://dblp.uni-trier.de}
}

@inproceedings{DantasW06,
 author = {Daniel S. Dantas and David Walker},
 title = {Harmless advice},
 booktitle = {POPL '06: Conference record of the 33rd ACM SIGPLAN-SIGACT symposium on Principles of programming languages},
 year = {2006},
 isbn = {1-59593-027-2},
 pages = {383--396},
 location = {Charleston, South Carolina, USA},
 doi = {http://doi.acm.org/10.1145/1111037.1111071},
 publisher = {ACM Press},
 address = {New York, NY, USA},
 }



@inproceedings{WalkerZL03,
  author    = {David Walker and
               Steve Zdancewic and
               Jay Ligatti},
  title     = {A theory of aspects.},
  booktitle = {ICFP},
  year      = {2003},
  pages     = {127-139},
  ee        = {http://doi.acm.org/10.1145/944705.944718},
  crossref  = {DBLP:conf/icfp/2003},
  bibsource = {DBLP, http://dblp.uni-trier.de}
}
@proceedings{DBLP:conf/icfp/2003,
  editor    = {Colin Runciman and
               Olin Shivers},
  title     = {Proceedings of the Eighth ACM SIGPLAN International Conference
               on Functional Programming, ICFP 2003, Uppsala, Sweden, August
               25-29, 2003},
  booktitle = {ICFP},
  publisher = {ACM},
  year      = {2003},
  isbn      = {1-58113-756-7},
  bibsource = {DBLP, http://dblp.uni-trier.de}
}

@inproceedings{DBLP:conf/popl/AvgustinovHOMSTV07,
  author    = {Pavel Avgustinov and
               Elnar Hajiyev and
               Neil Ongkingco and
               Oege de Moor and
               Damien Sereni and
               Julian Tibble and
               Mathieu Verbaere},
  title     = {Semantics of static pointcuts in aspectJ.},
  booktitle = {POPL},
  year      = {2007},
  pages     = {11-23},
  ee        = {http://doi.acm.org/10.1145/1190216.1190221},
  crossref  = {DBLP:conf/popl/2007},
  bibsource = {DBLP, http://dblp.uni-trier.de}
}

@article{DBLP:journals/toplas/WandKD04,
  author    = {Mitchell Wand and
               Gregor Kiczales and
               Christopher Dutchyn},
  title     = {A semantics for advice and dynamic join points in aspect-oriented
               programming.},
  journal   = {ACM Trans. Program. Lang. Syst.},
  volume    = {26},
  number    = {5},
  year      = {2004},
  pages     = {890-910},
  ee        = {http://doi.acm.org/10.1145/1018203.1018208},
  bibsource = {DBLP, http://dblp.uni-trier.de}
}

@inproceedings{DBLP:conf/ecoop/JagadeesanJR03,
  author    = {Radha Jagadeesan and
               Alan Jeffrey and
               James Riely},
  title     = {A Calculus of Untyped Aspect-Oriented Programs.},
  booktitle = {ECOOP},
  year      = {2003},
  pages     = {54-73},
  ee        = {http://springerlink.metapress.com/openurl.asp?genre=article{\&}issn=0302-9743{\&}volume=2743{\&}spage=54},
  crossref  = {DBLP:conf/ecoop/2003},
  bibsource = {DBLP, http://dblp.uni-trier.de}
}



@inproceedings{RinardSB04,
 author = {Martin Rinard and Alexandru Salcianu and Suhabe Bugrara},
 title = {A classification system and analysis for aspect-oriented programs},
 booktitle = {SIGSOFT '04/FSE-12: Proceedings of the 12th ACM SIGSOFT twelfth international symposium on Foundations of software engineering},
 year = {2004},
 isbn = {1-58113-855-5},
 pages = {147--158},
 location = {Newport Beach, CA, USA},
 doi = {http://doi.acm.org/10.1145/1029894.1029917},
 publisher = {ACM Press},
 address = {New York, NY, USA},
 }

@InProceedings{DFS04a,
  author       = "Douence, Rémi and Fradet, Pascal and Südholt, Mario",
  title        = "{Composition, Reuse and Interaction Analysis of Stateful Aspects}",
  booktitle    = "Aspect-Oriented Software Development (AOSD)",
  pages        = "141-150",
  year         = "2004",
  publisher    = "{ACM} Press",
  organization = "ACM",
  url          = "http://www.lina.sciences.univ-nantes.fr/Publications/2004/DFS04a"
}

@inproceedings{KrishFG04,
 author = {Shriram Krishnamurthi and Kathi Fisler and Michael Greenberg},
 title = {Verifying aspect advice modularly},
 booktitle = {SIGSOFT '04/FSE-12: Proceedings of the 12th ACM SIGSOFT twelfth international symposium on Foundations of software engineering},
 year = {2004},
 isbn = {1-58113-855-5},
 pages = {137--146},
 location = {Newport Beach, CA, USA},
 doi = {http://doi.acm.org/10.1145/1029894.1029916},
 publisher = {ACM Press},
 address = {New York, NY, USA},
 }



@inproceedings{ZhaoR03,
  author    = {Jianjun Zhao and
               Martin C. Rinard},
  title     = {Pipa: A Behavioral Interface Specification Language for
               AspectJ.},
  booktitle = {FASE},
  year      = {2003},
  pages     = {150-165},
  ee        = {http://link.springer.de/link/service/series/0558/bibs/2621/26210150.htm},
  crossref  = {DBLP:conf/fase/2003},
  bibsource = {DBLP, http://dblp.uni-trier.de}
}
@proceedings{DBLP:conf/fase/2003,
  editor    = {Mauro Pezz{\`e}},
  title     = {Fundamental Approaches to Software Engineering, 6th International
               Conference, FASE 2003, Held as Part of the Joint European
               Conferences on Theory and Practice of Software, ETAPS 2003,
               Warsaw, Poland, April 7-11, 2003, Proceedings},
  booktitle = {FASE},
  publisher = {Springer},
  series    = {Lecture Notes in Computer Science},
  volume    = {2621},
  year      = {2003},
  isbn      = {3-540-00899-3},
  bibsource = {DBLP, http://dblp.uni-trier.de}
}



@unpublished{AspectJ06,
	Author = {{AspectJ Team}},
	Institute = {Palo Alto Research Center, Inc.},
	Title = {The {AspectJ} Programming Guide},
	Year = 2006,
	Note = {Version 1.5.3. Available from \url{http://eclipse.org/aspectj}}
}


@Unpublished{Leavens-etal07,
  Author =	 {Gary T. Leavens and Erik Poll and Curtis Clifton and
                  Yoonsik Cheon and Clyde Ruby and David R. Cok and
                  Peter M\"{u}ller and Joseph Kiniry and Patrice Chalin},
  Title =	 {{JML Reference Manual}},
  Month =	 feb,
  Year =	 2007,
  Note =	 {Department of Computer Science, Iowa State
                  University. Available from
                  {\url{http://www.jmlspecs.org}}}
}


@inproceedings{BartheGKR06,
  author    = {Gilles Barthe and
               Benjamin Gr{\'e}goire and
               C{\'e}sar Kunz and
               Tamara Rezk},
  title     = {Certificate Translation for Optimizing Compilers.},
  booktitle = {SAS},
  year      = {2006},
  pages     = {301-317},
  ee        = {http://dx.doi.org/10.1007/11823230_20},
  crossref  = {DBLP:conf/sas/2006},
  bibsource = {DBLP, http://dblp.uni-trier.de}
}
@proceedings{DBLP:conf/sas/2006,
  editor    = {Kwangkeun Yi},
  title     = {Static Analysis, 13th International Symposium, SAS 2006,
               Seoul, Korea, August 29-31, 2006, Proceedings},
  booktitle = {SAS},
  publisher = {Springer},
  series    = {Lecture Notes in Computer Science},
  volume    = {4134},
  year      = {2006},
  isbn      = {3-540-37756-5},
  bibsource = {DBLP, http://dblp.uni-trier.de}
}

@PhdThesis{PavlovaPhd,
author = 	 {Mariela Pavlova},
title = 	 {Java bytecode verification and its applications.},
school = 	 {Universit\'e Nice Sophia Antipolis},
year = 	 {2007},
type = 	 {Th\'ese de doctorat, sp\'ecialit\'e informatique},
address = 	 {France},
month = 	 {January},
}


@inproceedings{BartheRS05,
  author    = {Gilles Barthe and
               Tamara Rezk and
               Ando Saabas},
  title     = {Proof Obligations Preserving Compilation.},
  booktitle = {Formal Aspects in Security and Trust},
  year      = {2005},
  pages     = {112-126},
  ee        = {http://dx.doi.org/10.1007/11679219_9},
  crossref  = {DBLP:conf/ifip1-7/2005},
  bibsource = {DBLP, http://dblp.uni-trier.de}
}
@proceedings{DBLP:conf/ifip1-7/2005,
  editor    = {Theodosis Dimitrakos and
               Fabio Martinelli and
               Peter Y. A. Ryan and
               Steve A. Schneider},
  title     = {Formal Aspects in Security and Trust, Third International
               Workshop, FAST 2005, Newcastle upon Tyne, UK, July 18-19,
               2005, Revised Selected Papers},
  booktitle = {Formal Aspects in Security and Trust},
  publisher = {Springer},
  series    = {Lecture Notes in Computer Science},
  volume    = {3866},
  year      = {2006},
  isbn      = {3-540-32628-6},
  bibsource = {DBLP, http://dblp.uni-trier.de}
}


@article{Kleymann99,
  author    = {Thomas Kleymann},
  title     = {Hoare Logic and Auxiliary Variables.},
  journal   = {Formal Asp. Comput.},
  volume    = {11},
  number    = {5},
  year      = {1999},
  pages     = {541-566},
  ee        = {http://link.springer.de/link/service/journals/00165/bibs/9011005/90110541.htm},
  bibsource = {DBLP, http://dblp.uni-trier.de}
}



