
@Manual{JMLRefMan,
  title =    {JML Reference Manual},
  author =   {G.T.Leavens and Erik Poll and Curtis Clifton and Yoonsik Cheon and
Clyde Ruby and David Cok and Joseph Kiniry},
  OPTorganization = {},
  OPTaddress =   {},
  OPTedition =   {},
  OPTmonth =     {aug},
  OPTyear =      {2004},
  note =   {Department of Computer Science, Iowa State
                  University. Available from
                  {\url{http://www.jmlspecs.org}}},
  OPTannote =    {}
}



@BOOK{ARUCom1986,
      
  AUTHOR =  "Alfred V. Aho and Ravi Sethi and Jeffrey D. Ullman",
  PUBLISHER =    "Addison-Wesley: Reading",
  TITLE =        "Compilers-Principles, Techniques and Tools ",
  YEAR =         "1986"
}


@Unpublished{JBL05MP,
  author =  {Mariela Pavlova},
  title = {Java Bytecode Logic and Specification},
  OPTyear =     {2005},
  OPTkey =   {},
  OPTtype =      {},
  OPTnumber =    {},
  OPTaddress =   {},
  OPTmonth =     {Jan},
  note =     {Preliminary version. Available from {\url{http://www.inria.fr/everest/Mariela.Pavlova}}},
  OPTannote =    {}
}


@Book{M97oos,
  author = 	 {B.Meyer},
  OPTeditor = 	 {},
  title = 	 {Object-Oriented Software Construction},
  publisher = 	 {Prentice Hall},
  year = 	 {1997},
  OPTkey = 	 {},
  OPTvolume = 	 {},
  OPTnumber = 	 {},
  OPTseries = 	 {},
  OPTaddress = 	 {},
  edition = 	 {2 revised},
  OPTmonth = 	 {},
  OPTnote = 	 {},
  OPTannote = 	 {}
}


@Unpublished{B04tlsj,
  author = 	 {Nick Benton},
  title = 	 {A Typed Logic for Stack and Jumps},
  note = 	 {draft},
  OPTkey = 	 {},
  OPTmonth = 	 {},
  year = 	 {2004},
  OPTannote = 	 {}
}

@InProceedings{JPVC03JKM,
  author = 	 {B. Jacobs and J. Kiniry  and M. Warnier },
  title = 	 {Java Program Verification Challenges},
  OPTcrossref =  {},
  OPTkey = 	 {},
  booktitle = { Formal Methods for Components and Objects, volume 2852},
  pages = 	 {202--219},
  year = 	 {2003},
  editor = 	 {F. S. de Boer and M. M. Bonsangue and S. Graf and W.-P. de Roever },
  OPTvolume = 	 {},
  OPTnumber = 	 {},
  series = 	 {lncs},
  OPTaddress = 	 {},
  OPTmonth = 	 {},
  OPTorganization = {},
  publisher = { Springer, Berlin },
  OPTnote = 	 {},
  OPTannote = 	 {}
}
 

@InProceedings{BM05plb,
  author = 	 {Fabian Bannwart and Peter Muller},
  title = 	 {A Program Logic for Bytecode},
  booktitle = 	 {Bytecode 2005},
  OPTcrossref =  {},
  OPTkey = 	 {},
  OPTpages = 	 {},
  year = 	 {2005},
  OPTeditor = 	 {},
  OPTvolume = 	 {},
  OPTnumber = 	 {},
  OPTseries = 	 {},
  OPTaddress = 	 {},
  OPTmonth = 	 {},
  OPTorganization = {},
  OPTpublisher = {},
  OPTnote = 	 {},
  OPTannote = 	 {}
}


  

@Manual{MultJava,
  title =    {The MultiJava Project },
  author =   {G.T.Leavens},
  OPTorganization = {},
  OPTaddress =   {},
  OPTedition =   {},
  OPTmonth =     {},
  OPTyear =      {},
  OPTnote =      {},
  OPTannote =    {}
}



@BOOK{VMSpec,
  title = {Java Virtual Machine Specification},
  publisher = {Addison-Wesley Longman Publishing Co., Inc.},
  year = {1999},
  author = {Lindholm, Tim and Yellin, Frank},
  abstract = {The nucleus of the Java 2 platform, the Java virtual machine is the
	technology that enables the Java 2 platform to host applications
	on any computer or operating system without rewriting or recompiling.
	This book was written by those directly responsible for the design
	and implementation of the Java virtual machine, and is the complete
	and definitive specification for the technology. It is an essential
	reference for writers of compilers for the Java programming language
	and implementors of the Java virtual machine. This second edition
	specifies the newest version of the Java virtual machine and provides
	a fascinating view into the inner workings of the Java 2 platform.},
  isbn = {0201432943},
  keywords = {java},
  lang = {en},
  url = {http://portal.acm.org/citation.cfm?id=553607},
}

@Book{Comp,
  author =    {David v.Aho and Ravi Sethi and Jeffrey D. Ullman},
  editor =    {},
  title =    {Compilers, principles, techniques and tools},
  publisher =    {},
  year =     {1986},
  OPTkey =   {},
  OPTvolume =    {},
  OPTnumber =    {},
  OPTseries =    {},
  OPTaddress =   {},
  OPTedition =   {},
  OPTmonth =     {},
  OPTnote =      {},
  OPTannote =    {}
}

@Book{WPCDS,
  author =   {Edsger W. Dijkstra and Carel S. Scholten},
  title =    {Predicate Calculus and Program Semantics},
  publisher =    {Springer},
  year =     {1990}
}

@Book{DisDij,
  author =   { Edsger W. Dijkstra},
  title =        {A Discipline of Programming},
  publisher =    {Prentice-Hall},
  year =     {1976},
  OPTkey =   {},
  OPTvolume =    {},
  OPTnumber =    {},
  OPTseries =    {},
  OPTaddress =   {},
  OPTedition =   {},
  OPTmonth =     {},
  OPTnote =      {},
  OPTannote =    {}
}


@INPROCEEDINGS{Quigley,
   Author = {C.L. Quigley},
   Title = {A Programming Logic for {Java} Bytecode Programs},
   Booktitle = {Proceedings of the 16th International Conference on Theorem Proving in Higher Order Logics},
   Volume = {2758},
   Series = {lncs},
   Publisher = {Springer-Verlag},
   Year = {2003}
}

@INPROCEEDINGS{PBBHL,
   Author = {M. Pavlova and G. Barthe and L. Burdy and M. Huisman and J.-L. Lanet},
   Title = {Enforcing High-Level Security Properties For Applets},
   Booktitle = {CARDIS 2004},
   Publisher = {Springer-Verlag},
   Year = {2004},
   PDFurl = {ftp://ftp-sop.inria.fr/everest/Marieke.Huisman/cardis.pdf}
}


@PhdThesis{ComNec,
  author =   {George Necula},
  title =    {Compiling With Proofs},
  school =   {Carnegie Mellon University},
  year =     {1998},
  OPTkey =   {},
  OPTtype =      {},
  OPTaddress =   {},
  OPTmonth =     {},
  OPTnote =      {},
  OPTannote =    {}
}

@inproceedings{B00ppp,
  author    = {Richard Bornat},
  title     = {Proving Pointer Programs in {Hoare Logic}.},
  booktitle = {MPC},
  year      = {2000},
  pages     = {102-126},
  bibsource = {DBLP, http://dblp.uni-trier.de}
}

@InProceedings{DesNecLee98,
  author =   {George C. Necula and Peter Lee},
  title =    {The Design and Implementation of a Certifying Compiler},
  booktitle =  {ACM SIGPLAN'98 Conference on Programming Language Design and Implementation (PLDI)},
  OPTcrossref =  {},
  OPTkey =   {},
  pages =     { 333-344},
  year =     {1998},
  OPTeditor =    {},
  OPTvolume =    {},
  OPTnumber =    {},
  OPTseries =    {},
  OPTaddress =   {},
  month =     {17-19 June },
  OPTorganization = {},
  OPTpublisher = {},
  note =      {Montreal, Canada },
  OPTannote =    {}
}


@InProceedings{ProColLeeNec,
  author =   {Christopher Colby and Peter Lee and George C. Necula },
  title =    {A Proof Carrying Code Architecture for {Java}},
  booktitle =    {CAV00},
  OPTcrossref =  {},
  OPTkey =   {},
  OPTpages =     {},
  year =     {2000},
  OPTeditor =    {},
  OPTvolume =    {},
  OPTnumber =    {},
  OPTseries =    {},
  OPTaddress =   {},
  OPTmonth =     {},
  OPTorganization = {},
  OPTpublisher = {},
  OPTnote =      {},
  OPTannote =    {}
}



@Inproceedings{BRL-JACK,
Author       = "L. Burdy and A. Requet and J.-L. Lanet",
Title        = "{Java} Applet Correctness: A Developer-Oriented Approach",
Booktitle    = "FME 2003: Formal Methods: ISFME",
Editor       = "K. Araki and S. Gnesi and D. Mandrioli",
Pages        = "422--439",
Publisher    = springer,
Series       = lncs,
Volume       = "2805",
Year         = "2003",
Psurl          = "ftp://ftp-sop.inria.fr/everest/publis/2003/BRL03fme.ps.gz",
Abstract     = "
This paper presents experiments on formal validation of Java
applets. It describes a tool that has been developed at the Gemplus Research
Labs. This tool allows to formally prove Java classes annotated with JML, an
annotation language for Java that provides a framework for specifying class
invariants and methods behaviours. The foundations and the main features of
the tool are presented. The most innovative part of the tool is that it is
tailored to be used by Java programmers, without any particular background in
formal methods. To reduce the difficulty of using formal techniques, it aims
to provide a user-friendly interface which hides to developers most of the
formal features and provides a ``Java style view'' of lemmas."}


@inproceedings{WildmoserN-ESOP05,
  author =  {Martin Wildmoser and Tobias Nipkow},
  title =   {Asserting Bytecode Safety},
  journal = {Proceedings of the 15th European Symposium on Programming (ESOP05)},
  year =    2005,
  note = {to appear},
  url =     {\url{http://www4.in.tum.de/~wildmosm/publications/WildmoserN-ESOP05.pdf}}
}


@Misc{escjava,
  OPTkey = 	 {},
  OPTauthor = 	 {},
  title = 	 {escjava },
  OPThowpublished = {},
  OPTmonth = 	 {},
  OPTyear = 	 {},
  note = 	 {\url{http://secure.ucd.ie/products/opensource/ESCJava2/docs.html}},
  OPTannote = 	 {}
}

@InProceedings{jmlrac,
  author = 	 {Yoonsik Cheon and Gary T. Leavens},
  title = 	 {A runtime assertion checker for the {Java} Modeling Language},
  booktitle = 	 { },
  OPTcrossref =  {},
  OPTkey = 	 {},
  OPTpages = 	 {},
  OPTyear = 	 {2002},
  OPTeditor = 	 {},
  OPTvolume = 	 {},
  OPTnumber = 	 {},
  OPTseries = 	 { },
  OPTaddress = 	 {},
  OPTmonth = 	 {},
  OPTorganization = {Software Engineering and Practice},
  OPTpublisher = {CSREA},
  OPTnote = 	 {},
  OPTannote = 	 {}
}


@INPROCEEDINGS{Ljbc,
  AUTHOR = {Xavier Leroy},
  TITLE = {{Java} bytecode verification: an overview},
  BOOKTITLE = {Computer Aided Verification, CAV 2001},
  EDITOR = {G. Berry and H. Comon and A. Finkel},
  YEAR = 2001,
  PUBLISHER = {Springer-Verlag},
  SERIES = {lncs},
  VOLUME = 2102,
  PAGES = {265--285},
  URL = {http://pauillac.inria.fr/~xleroy/publi/survey-bytecode-verification.ps.gz},
  URLPUBLISHER = {http://www.springerlink.com/openurl.asp?genre=article&issn=0302-9743&volume=2102&spage=265},
  ABSTRACT = {Preliminary version of \cite{Leroy-bytecode-verification-03}.}
}


@InProceedings{F67amp,
  author = 	 {R.W.Floyd},
  title = 	 {Assigning Meaning to Programs},
  booktitle = 	 {volume 19 of Proceedings of Symposia in Applied Mathematics},
  OPTcrossref =  {},
  OPTkey = 	 {},
  pages = 	 {19-32},
  year = 	 {1967},
  editor = 	 {J. T. Schwartz},
  OPTvolume = 	 {},
  OPTnumber = 	 {},
  OPTseries = 	 {},
  OPTaddress = 	 {},
  OPTmonth = 	 {},
  OPTorganization = {},
  OPTpublisher = {},
  OPTnote = 	 {},
  OPTannote = 	 {}
}

@InProceedings{BLS04sp,
  author = 	 { Mike Barnett and K. Rustan M. Leino and Wolfram Schulte},
  title = 	 {The {spec}\# programming system:  An overview},
  booktitle = 	 {in CASSIS workshop proceedings},
  OPTcrossref =  {},
  OPTkey = 	 {},
  OPTpages = 	 {},
  year = 	 {2004},
  editor = 	 {Springer},
  OPTvolume = 	 {},
  OPTnumber = 	 {},
  OPTseries = 	 {},
  OPTaddress = 	 {},
  OPTmonth = 	 {},
  OPTorganization = {},
  OPTnote = 	 {},
  OPTannote = 	 {}
}






@TechReport{RT03djml,
  author = {A.D. Raghavan  and G.T. Leavens },
  title = {Desugaring {JML} Method Specification},
  institution =  {Iowa State University, Department of Computer Science },
  year =     {2003},
  OPTkey =   {},
  type =      {Report},
  number =    {00-03d},
  OPTaddress =   {},
  OPTmonth =     {},
  OPTnote =      {},
  OPTannote =    {}
}


@inproceedings{DBLP:conf/cav/ChanderEILN05,
  author    = {Ajay Chander and
               David Espinosa and
               Nayeem Islam and
               Peter Lee and
               George C. Necula},
  title     = {JVer: A Java Verifier.},
  booktitle = {CAV},
  year      = {2005},
  pages     = {144-147},
  ee        = {http://dx.doi.org/10.1007/11513988_14},
 }
}

@inproceedings{Dhara-Leavens95b,
  Author =	 "Krishna Kishore Dhara and Gary T. Leavens",
  Title =	 "Forcing Behavioral Subtyping Through Specification
                  Inheritance",
   booktitle = {18th International
                  Conference on Software Engineering, Berlin, Germany},
  year      = {1996},
  pages     = {258-267},
  Institution =	 "Department of Computer Science, Iowa State University",
  OptAddress =	 "Ames, Iowa, 50011",
  OptNumber =	 "95-20c",
  OptYear =	 1997,
  OptMonth =	 Dec,
  URL ="ftp://ftp.cs.iastate.edu/pub/techreports/TR95-20/TR.ps.gz",
 OptNote =	 "Also in Proceedings of the 18th International
                  Conference on Software Engineering, Berlin, Germany,
                  1996, pp. 258--267. Available by anonymous ftp from
                  ftp.cs.iastate.edu",
  OptAnnote =	 "21 references."
}
