
@string{ENTCS   = "ENTCS"}
@string{elsevier="Elsevier  Publishing"}
@string {LNCS           = {LNCS}}
@string{springer        = {Springer}}%{Springer-Verlag}}            %

@string{cav96           = {Computer-Aided Verification (CAV~'96)}}
@string{cav02           = {Computer-Aided Verification (CAV'02)}}
@string{tacas00 	= "Tools and Algorithms
                           for the Construction and Analysis of
		  Systems (TACAS~2000)"}
@string{tacas01 	= "Tools and Algorithms
                           for the Construction and Analysis of
		  Systems (TACAS~2001)"}
@string{tacas04 	= "Tools and Algorithms
                           for the Construction and Analysis of
		  Systems (TACAS~2004)"}
@string{fase00          = "Fundamental Approaches to Software Engineering (FASE~2000)"}
@string{fase01          = "Fundamental Approaches to Software Engineering (FASE~2001)"}

@STRING{OOPSLA98  = "Object-Oriented Programming, Systems, Languages
		   and Applications (OOPSLA'98)"}
@STRING{ACMTPLS         = "ACM Trans. on Progr. Lang. and Systems"}
@string{amast02         = "Algebraic Methodology And Software
                  Technology (AMAST'02)"}
@string{fme02           = "Formal Methods Europe (FME'02)"}
@string{fme03           = "Formal Methods (FME'03)"}

@string{jlap = "Journal of Logic and Algebraic Programming"}

@STRING{TCS     = "Theor. Comp. Sci."}
@STRING{ACI     = "Acta Informatica"}

@book{Alexander79,
  author = {C. Alexander},
  title = {The Timeless Way of Building},
  volume = 1,
  year = 1979,
  publisher = {Oxford University Press},
  series = {Center for Environmental Structure Series},
  address = {New York, NY}
}

@article{Apt81,
  author =       "K.R. Apt",
  title =        "Ten Years of {Hoare}'s Logic$:$ {A} Survey $-$ {Part I}",
  journal =      "ACM Transactions on Programming Languages and Systems",
  volume =       "3",
  number =       "4",
  pages =        {431-483},
  month =        "oct",
  year =         "1981",
  code =        "ATPSDT",
  issn =         "0164-0925",
}

@misc{BanderaURL,
title        = {{The Bandera project}},
key       = {Bandera},
note    = {\texttt{http://www.cis.ksu.edu/santos/bandera/}}
}

@inproceedings{bartetzko01assertions,
    author = {D. Bartetzko and C. Fischer and M. M{\"o}ller and 
              H. Wehrheim},
    title = {{Jass~{--}~Java with Assertions}},
    booktitle = ENTCS,
    volume = {55(2)},
    publisher = elsevier,
    editor = {K. Havelund and G. Ro\c su},
    year = {2001}
}


@book{BerardBLPS99,
  author = 	 {B. B\'erard and M. Bidoit and F. Laroussinie and A. Petit and P. Schnoebelen},
  Teditor = 	 {Jean-Philippe Moreux},
  title = 	 {V\'erification des logiciels (Software systems verification)},
  publisher = 	 {Vuibert, Paris},
  year = 	 {1999},
  address = 	 "\texttt{http://www.vuibert.com/livre593.html}",
}

@INPROCEEDINGS{BergJ01,
AUTHOR       = "Berg, J. van den and B. Jacobs",
TITLE        = "The {LOOP} compiler for {Java} and {JML}",
number       = "2031",
editor       = "Margaria, T. and Yi, W.",
series       = lncs,
pages        = "299--312",
publisher    = springer,
booktitle    = tacas01,
year         = 2001}

@inproceedings{BergJP01,
  author =       "Berg, J. van den and B. Jacobs and E. Poll",
  title =        {{Formal Specification and Verification of JavaCard's
                  Application Identifier Class}},
  editor =       {I. Attali and T. Jensen},
  booktitle =    {Java on Smart Cards: Programming and Security},
  series =       LNCS,
  number =       {2041},
  pages =        {137--150},
  publisher =    {Springer},
  year =         2001
}

@inproceedings{BergHJP99,
author       = "Berg, J. van den and M. Huisman and B. Jacobs
		and E. Poll",
title        = "A Type-Theoretic Memory Model for Verification of
                Sequential {Java} Programs",
booktitle    = "Recent Trends in Algebraic Development Techniques", 
series       = LNCS, 
number       = 1827,
pages        = "1-21",
editor       = "D. Bert and C. Choppy and P.D. Mosses",
publisher    = springer,
year         = 2000
}

@techreport{ BergBJP01,
 title = "On the Role of Invariants in Reasoning about Object Oriented Languages",
 year = "2001",
 author = "Joachim {van den} Berg and Cees-Bart Breunesse and Bart Jacobs and Erik Poll",
 institution = "Computing Science Institute, University of Nijmegen",
}

@techreport{Bhorkar00runtime,
    author = "Abhay Bhorkar",
    title = "A Run-time Assertion Checker for {Java} using {JML}",
    number = "00-08",
    address = "226 Atanasoff Hall, Ames, Iowa 50011",
    institution = "Iowa State University",
    year = "2000",
}

@article{BieberCGLWZ00,
	author = {P. Bieber and J. Cazin  and
                  P. Girard and J.-L. Lanet and V. Wiels and G. Zanon},
	title = {Checking Secure Interactions of Smart Card Applets},
	journal = {Journal of Computer Security},
	year = 2002,
	volume = 10,
	number = 4,
	pages = {369--398}
}

@article{BieberCWZGL02,
author={P. Bieber and J. Cazin and V. Wiels and G. Zanon and P. Girard and 
J.-L. Lanet},
title="{Checking Secure Interactions of Smart Card Applets: Extended 
version}", 
journal = {Journal of Computer Security},
volume=10, 
number=4, 
year=2002, 
pages={369-398}}

@inproceedings{BlumW96,
    author = "M. Blum and H. Wasserman",
    title = "Reflections on the Pentium Division Bug",
    organization = "IEE",
    publisher = "IEEE Transactions on Computers",
    month = "April",
    year = "1996",
    pages = "385--393",
    volume = "45",
    issue = "4",
}

@INPROCEEDINGS{BoergerS99a,
AUTHOR       = "E. B{\"o}rger and W. Schulte", 
TITLE        = " Programmer Friendly Modular Definition of the Semantics of {Java}",
BOOKTITLE    = "Formal Syntax and Semantics of Java", 
EDITOR       = "J. Alves-Foss", 
PAGES        = "353-404", 
PUBLISHER    = springer,
SERIES       = LNCS, 
NUMBER       = "1523", 
YEAR         = "1999"}

@article{BorgidaMR95,
author = "A. Borgida and J. Mylopoulos and R. Reiter",
title = "On the Frame problem in Procedure Specifications",
journal = "IEEE Transactions on Software Engineering",
year = 1995,
volume = 21,
number = 10,
pages = "785--798"
}

@inproceedings{BratKPV00,
  author = "G. Brat and K. Havelund and S. Park and W. Visser",
  title = "{Java PathFinder} - Second Generation of a {Java} Model Checker",
  booktitle = "Workshop on Advances in Verification",
  text = "G. Brat, and K. Havelund, and S. Park and W. Visser. Java PathFinder - Second
    Generation of a Java Model Checker. In Proc. of Post-CAV Workshop on Advances
    in Verification, Chicago, July 2000.",
  year = "2000",
}

@techreport{BretagneMGL00,
    author = "E. Bretagne and A. El Marouani and P.Girard and J.-L. Lanet",
    title = "PACAP Purse and Loyalty specification",
    number = "V 0.4",
    year = "2000",
    institution = "Gemplus" ,
}

@inproceedings{BreunesseJB02,
title = {{Specifying and Verifying a Decimal Representation in Java for Smart Cards}},
author = "C. Breunesse and B. Jacobs and Berg, J. van den",
year = 2002,
booktitle = amast02,
publisher = springer,
pages = "304--318",
series = lncs,
number = 2422,
editor = "H. Kirchner and C. Ringeissen"
}

@techreport{BreunesseCHJ03,
title = {Formal Methods for Smart Cards: an experience report},
author = "C. Breunesse and N. Cata{\~n}o and M. Huisman and B. Jacobs",
number = "NIII-R0316",
institution = "NIII, University of Nijmegen",
year = 2003,
note = "To appear in \emph{Science of Computer Programming}"
}

@article{BreunesseCHJ04,
title = {Formal Methods for Smart Cards: an experience report},
author = "C. Breunesse and N. Cata{\~n}o and M. Huisman and B. Jacobs",
note = "To appear",
journal = "Science of Computer Programming",
year = 2004
}


@inproceedings{BurdyRL03,
title = {{Java Applet Correctness: a Developer-Oriented Approach}},
author = "L. Burdy and A. Requet and J.-L. Lanet",
year = 2003,
booktitle = fme03,
publisher = springer,
series = lncs,
number = 2805, 
pages = "422--439"
}


@InProceedings{mariela06:cardis,
  title =	"A Low-Footprint Java-to-Native Compilation Scheme
		 Using Formal Methods",
  author =	"Alexandre Courbot and Mariela Pavlova and Gilles
		 Grimaud and Jean-Jacques Vandewalle",
  bibdate =	"2006-04-06",
  bibsource =	"DBLP,
		 http://dblp.uni-trier.de/db/conf/cardis/cardis2006.html#CourbotPGV06",
  booktitle =	"Smart Card Research and Advanced Applications, 7th
		 {IFIP} {WG} 8.8/11.2 International Conference, {CARDIS}
		 2006, Tarragona, Spain, April 19-21, 2006,
		 Proceedings",
  publisher =	"Springer",
  year = 	"2006",
  volume =	"3928",
  editor =	"Josep Domingo-Ferrer and Joachim Posegga and Daniel
		 Schreckling",
  ISBN = 	"3-540-33311-8",
  pages =	"329--344",
  series =	"Lecture Notes in Computer Science",
  URL =  	"http://dx.doi.org/10.1007/11733447_24",
}
@misc{CatanoH01URL,
title = {Annotated files of the {Electronic Purse} case study},
author = "N. Cata{\~n}o and M. Huisman",
note = "\texttt{http://www-sop.inria.fr/lemme/verificard/electronic\_purse}",
year = 2002
}

@misc{CatanoH02URL,
title = {Assignable specifications for the {Electronic Purse} case study},
author = "N. Cata{\~n}o and M. Huisman",
note = "\texttt{http://www-sop.inria.fr/lemme/verificard/modifSpec}",
year = 2002
}

@inproceedings{CatanoH02a,
title = {Formal Specification and Static Checking of {Gemplus's} Electronic Purse Using {ESC/Java}},
author = "N. Cata{\~n}o and M. Huisman",
year = 2002,
booktitle = fme02,
editor = "L.-H. Eriksson and P.A. Lindsay",
series = lncs,
publisher = springer,
number = "2391",
pages = "272--289"
}

@inproceedings{CatanoH03,
title = "Chase: a Static Checker for {JML}'s Assignable Clause",
author = "N. Cata{\~n}o and M. Huisman",
year = 2003,
booktitle = "Verification, Model Checking and Abstract Interpretation",
editor = "L.D. Zuck and P.C. Attie and A. Cortesi and S. Mukhopadhyay",
series = lncs,
number = 2575,
pages = "26--40",
publisher = springer
}


@MastersThesis{CatanoMasterThesis01,
  author = 	 "N. Cata{\~n}o",
  title = 	 {La clause \textsc{modifiable} de \textsc{Jml}: S\'emantique, V\'erification et Application},
  school = 	 {Universit\'e de Paris $VII$},
  year = 	 {2001}
}

@techReport{CauM97,
  author = 	 {Antonio Cau and Ben Moszkowski},
  title =        {Interval Temporal Logic Proof Checker},
  institution =  {Department of Computer Science De Montfort University and Department of Electrical and Electronic Engineering University of Newcastle upon Type},
  year = 	 {1997},
  month =        {April},
  day =          {14},
}

@inproceedings{CenciarelliKRW99,
 author = "P. Cenciarelli and A. Knapp and B. Reus and M. Wirsing",
 title = "An Event-Based Structural Operational Semantics of
                  Multi-Threaded {J}ava", 
 editor = "J. Alves-Foss",
 booktitle = "Formal Syntax and Semantics of Java",
 publisher=springer,
 series=lncs,
 number    = {1523},
 pages = "175--200",
 year = "1999",
}

@techreport{Chalin03,
  author = "P. Chalin",
  title = "{JML} Support for Primitive Arbitrary Precision Numeric Types: Definition and Semantics",
  institution = "Concordia University 002.1.1",
  year  = "2003",
}



@INPROCEEDINGS{ClarkeE81,
AUTHOR       = "E.M. Clarke and E.A. Emerson", 
TITLE        = "Design and synthesis of synchronization skeletons
		using Branching Time Temporal Logic", 
BOOKTITLE    = "Logics of Programs", 
SERIES       = lncs, 
NUMBER       = "131", 
EDITOR       = "D. Kozen", 
PUBLISHER    = springer, 
PAGES        = "52--71", 
YEAR         = 1981}

@article{ClarkeGL94,
    author = "E.M. Clarke and O. Grumberg and D.E. Long",
    title = "Model Checking and Abstraction",
    journal = "ACM Transactions on Programming Languages and Systems",
    volume = "16",
    number = "5",
    month = "September",
    publisher = "ACM Press",
    pages = "1512--1542",
    year = "1994"
}

@inproceedings{ClarkeLM89,
author = "E.M. Clarke and D.E. Long and K.L. McMillan",
title = "Compositional Model Checking",
pages = "353--362",
year = "1989",
booktitle = "Fourth IEEE Symposium on Logic in Computer Science",
publisher = "IEEE Press"
}

@inproceedings{ ClavelDELMMQ99,
    author = "M. Clavel and F. Dur{\'a}n and S. Eker and P. Lincoln and N. Mart{\'\i}-Oliet and J. Meseguer and J. F. Quesada",
    title = "The {Maude} System",
    booktitle = "Proceedings of the 10th International Conference on Rewriting Techniques and Applications ({RTA}-99)",
    publisher = "Springer-Verlag LNCS 1631",
    address = "Trento, Italy",
    editor = "P. Narendran and M. Rusinowitch",
    pages = "240--243",
    year = "1999",
}


@TechReport{CorbettDHR01,
  author = 	 {J. Corbett and M.B. Dwyer and J. Hatcliff and Robby},
  title = 	 {{Expressing Checkable Properties of Dynamic Systems: the Bandera Specification Language}},
  institution =  {Kansas State University, Department of Computing and Information Sciences},
  year = 	 {2001},
  number = 	 {2001-04},
}

@InProceedings{CorbettDHLPRZ00,
  author = 	 {J. Corbett and M.B. Dwyer and J. Hatcliff and S. Laubach and C. P\u as\u areanu and Robby and H. Zheng},
  title = {{Bandera: Extracting finite-states models from Java source code}},
  booktitle = 	 {22nd International Conference on Software Engineering},
  pages = 	 {439--448},
  year = 	 {2000},
  month = 	 {June},
}


@article{DennisRO97,
  author =       {D. Dennis and G. Rob and G. Orna},
  title =        {Abstract Interpretation of Reactive Systems},
  journal =      {ACM Transactions on Programming Languages and Systems},
  year =         "1997",
  volume =       "19",
  number =       "2"
}

@inproceedings{ DharaL96,
    author = "Krishna. K. Dhara and Gary T. Leavens",
    title = "Forcing Behavioral Subtyping Through Specification Inheritance",
    booktitle = "Proceedings of the 18th International Conference on Software Engineering, Berlin, Germany",
    publisher = "IEEE Computer Society Press",
    pages = "258--267",
    year = "1996",
}

@InProceedings{DwyerAC98,
  author = 	 {M.B. Dwyer and G. Avrunin and J. Corbett},
  booktitle = 	 {2nd Workshop on Formal Methods in Software Practice ({FMSP'98})},
  pages = 	 {7--15},
  year = 	 {1998},
  title = 	 {Property specification patterns for finite-state verification},
editor = 	 {M. Ardis}
}}

@book{Edwards99core,
  author = 	 {W. Keith Edwards},
  publisher = 	 {Prentice-Hall Inc.},
  title = 	 {Core Jini},
  Teditor = 	 {Joanne Anzalone},
  year = 	 {1999},
  address = 	 "\texttt{http://developer.java.sun.com/developer/Books/corejava/}",
}

@phdthesis{Erlingsson03,
author = "U. Erlingsson",
title = "The Inlined Reference Monitor Approach to Security Policy Enforcement",
school = "Department of Computer Science, Cornell University",
note = "Available as Technical Report 2003-1916",
year = 2003
}




@InBook{Emerson90,
  author = 	 {E.A. Emerson},
  ALTeditor = 	 {J. van Leeuwen},
  title =        {Temporal and Modal Logic},
  booktitle = 	 {Handbook of Theoretical Computer Science},
  chapter = 	 {16},
  publisher = 	 {Elsevier},
  year = 	 {1990},
}

@InProceedings{EmersonH82,
  author = "E. A. Emerson and J. Y. Halpern",
  title = "Decision Procedures and Expressiveness in the Temporal Logic of Branching Time",
  booktitle = "Proc. 14th Symp. Theory of Computing (STOC'82)",
  address = "San Francisco, CA",
  publisher = "ACM",
  organization = "ACM",
  month =        "may ",
  year =         "1982",
  pages =        "169--180",
}

@inproceedings{ EmersonH86,
  author = "E. Emerson J.Y. Halpern",
  title = {"Sometimes" and "Not Never"},
  booktitle = {On branching verus linear time temporal logic},
  series = "Journal of the ACM",
  volume ="33(1)",
  pages = "151--178",
  year  = "1986",
}

@article{ErnstCGN01,
author = "M.D. Ernst and J. Cockrell and W.G. Griswold and D. Notkin",
title = "Dynamically discovering likely program invariants to support program evolution",
journal = "IEEE Transactions on Software Engineering",
volume = 27,
number = 2,
year = 2001,
pages = "1--25"
}


@misc{ESCJavaUrl,
title        = {{Extended static checking for Java}},
key       = {ESC},
note    = {\texttt{http://research.compaq.com/SRC/esc/}}
}

@misc{EscJmlDiff,
title = {DIFFERENCES BETWEEN {E}SC/{Java} AND {JML}},
note = {Comes with {JML} distribution, in file \texttt{esc-jml-diffs.txt}},
year = 2000,
key = {EJ00}
}

@article{Filliatre01,
author = "J.-C. Filli{\^a}tre",
title = "Verification of Non-Functional Programs using Interpretations in Type Theory",
journal = "Journal of Functional Programming",
year = 2003,
volume = "13",
number = "4",
pages ="709---745"
}

@inproceedings{FlanaganQS02,
author = "C. Flanagan and S. Qadeer and S.A. Seshia",
title = "A Modular Checker for Multithreaded Programs",
booktitle = cav02,
editor = "E. Brinksma and K.G. Larsen",
year = 2002,
pages = "180--194",
series = lncs,
number = 2404,
publisher = springer
}

@inproceedings{FlanaganF04,
author = "C. Flanagan and S.N. Freund",
title = "Atomizer: A Dynamic Atomicity Checker for Multithreaded
                  Programs",
booktitle = "Principles of Programming Languages (POPL 2004)",
year = 2004,
pages = "256--267",
editor = "X. Leroy"
}

@book{Floyd67,
    author = "R. W. Floyd",
    title = "Assigning meanings to programs",
    publisher = "J. T. Schwartz editor, Mathematical Aspects of Computer Science. American Mathematical Society",
    year = "1967",
}

@inproceedings{Gordon94,
author = {M.J.C. Gordon},
title = {A mechanized {Hoare} logic of state transitions},
booktitle = {A classical mind: essays in honour of {C.A.R. Hoare}},
editor = {A.W. Roscoe},
year = 1994,
publisher = {Prentice Hall},
}


@BOOK{GoslingJSB00, 
AUTHOR       = "J. Gosling and B. Joy and G. Steele and G. Bracha", 
TITLE        = "The Java Language Specification, second edition", 
PUBLISHER    = "Addison-Wesley", 
SERIES       = "The Java Series",
YEAR         = 2000}



@book{ HansmannNS00,
    author = "U. Hansmann and M. S. Nicklous and T. Sch{\"a}ck and F. Seliger",
    title = "Smart Card Application Development Using \textsc{Java}",
    publisher = "Springer-Verlag",
    year = "2000"
}

@techreport{HatcliffD00,
  author = "J. Hatcliff and M. Dwyer",
  title = "Using the Bandera Tool Set to {Model-check} Properties of Concurrent {Java} Software",
  institution = "{SAnToS} Laboratory, Department of Computing and Information Sciences, Kansas State University",
  year =   "2000",
}

@techreport{HatcliffTBanderaManual01,
  author = "J. Hatcliff and O. Tkachuk",
  title = "The Bandera Tools for Model-checking Java Source Code: A User's Manual",
  institution = "{SAnToS} Laboratory, Department of Computing and Information Sciences, Kansas State University",
  year =   "2001",
}

@inproceedings{HatcliffCDSZ99,
title = "A Formal Study of Slicing for Multi-threaded Programs with
                  {JVM} Concurrency Primitives",   
year = "1999",
author = "J. Hatcliff and J.C. Corbett and M.B. Dwyer and  
          S. Sokolowski and H. Zheng",
booktitle ="International Symposium on Static Analysis (SAS'99)",
series = lncs,
number = "1694",
pages = "1--18",
publisher = springer
}

@inproceedings{HatcliffRD04,
title = "Verifying Atomicity Specifications for Concurrent
                  Object-Oriented Software using Model Checking",
year = "2004",
author = "J. Hatcliff and Robby and M.B. Dwyer",
booktitle = "Verification, Model Checking and Abstract Interpretation
                  (VMCAI 2004)",
editor = "B. Steffen and G. Levi",
series = lncs,
number = 2937,
pages = "175--190",
publisher = springer
}



@Article{HatcliffDZ00,
  author = 	 {J. Hatcliff and M.B. Dwyer and H. Zheng},
  title = 	 {Slicing software for model construction},
  journal = 	 {Higher-Order and Symbolic Computation},
  year = 	 {2000},
  volume = 	 {13},
  number = 	 {4},
  pages = 	 {315--353},
}

@article{HavelundLP01formal,
    author = "Klaus Havelund and Michael R. Lowry and John Penix",
    title = "Formal Analysis of a Space-Craft Controller Using {SPIN}",
    journal = "Software Engineering",
    volume = "27",
    number = "8",
    pages = "1000-9999",
    year = "2001",
}

@article{HavelundP00model,
    author = "Klaus Havelund and Thomas Pressburger",
    title = "Model Checking {JAVA} Programs using {JAVA} PathFinder",
    journal = "International Journal on Software Tools for Technology Transfer",
    volume = "2",
    number = "4",
    pages = "366-381",
    year = "2000",
}

@InProceedings{HavelundR01,
  author = 	 {K. Havelund and G. Ro\c su},
  title = 	 {{Java PathExplorer~{--}~A Runtime Verification Tool}},
  booktitle = 	 {6th International Symposium on AI, Robotics and Automation in Space},
  year = 	 {2001},
  month = 	 {June},
}

@techreport{HavelundR01a,
  author = "Klaus Havelund and Grigore Ro\c su",
  title = "Monitoring programs using rewriting",
  institution = "RIACS",
  year  = "2001",
}

@techreport{HavelundR01b,
  author = "Klaus Havelund and Grigore Ro\c su",
  title = "Monitoring programs using rewriting",
  institution = "RIACS technical report 01.19",
  month = "May",
  year  = "2001",
}

@misc{HavelundJavaPathFiderUserGuide,
  author = "Klaus Havelund",
  title = "Java PathFinder User Guide",
}

@incollection{Hoare89,
    author = "{C.A.R} {H}oare",
    title = "An Axiomatic Basis for Computer Programming",
    booktitle = "{C.A.R} {H}oare and {C.B} Jones (Ed.), Essays in Computing Science",
    publisher = "Prentice Hall",
    year = "1989"
}

@inproceedings{ hoare89b,
    author = "{C.A.R} {H}oare",
    title = "Proof of Correctness of Data Representations",
    editor = "{C.A.A} {H}oare and {C.B} Jones",
    booktitle = "Essays in Computing Science",
    publisher = "Prentice Hall",
    year = "1989",
}

@inproceedings{HubbersO03,
   author       = {Engelbert Hubbers and
                   Martijn Oostdijk},
   title        = {Generating {JML} Specifications from {UML} State Diagrams},
   booktitle    = {Proceedings of
                   the Forum on specification \& Design Languages ({FDL} 2003)},
   pages        = {263--273},
   publisher    = {University of Frankfurt},
   year         = 2003,
   note         = {Proceedings appeared as CD-Rom with ISSN 1636-9874},
   issn         = {1636-9874}
}

@PhdThesis{Huisman01,
  author = 	 {M. Huisman},
  title = 	 {{Reasoning about Java Programs in Higher Order Logic with PVS and Isabelle}},
  school = 	 {University of Nijmegen},
  year = 	 {2001},
}

@article{HuismanJB01,
author       = "M. Huisman and B. Jacobs and Berg, J. van den", 
title        = "{A Case Study in Class Library Verification:
	        Java's Vector Class}", 
journal      = "Software Tools for Technology Transfer",
volume       = "3/3",
pages        = "332--352",
year         = 2001
}

@INPROCEEDINGS{HuismanJ00a, 
AUTHOR       = "M. Huisman and B. Jacobs", 
TITLE        = "{Java} Program Verification via a {Hoare} Logic with 
                Abrupt Termination", 
BOOKTITLE    = "Fundamental Approaches to Software Engineering (FASE 2000)",
PUBLISHER    = springer, 
editor = "T. Maibaum",
pages = "284--303",
SERIES       = LNCS, 
NUMBER       = "1783",            
YEAR         = 2000}


@misc{InsurePP,
title   = {{ParaSoft Insure$++$}},
key     = {INSURE},
note    = {\texttt{{http://www.parasoft.com/insure}}}
}

@article{JacobsMP01,
  author = 	 {B. Jacobs and H. Meijer and E. Poll},
  title = 	 {{VerifiCard}: a {European Project for Smart Card Verification}},
  journal = 	 {Newsletter of the Dutch Association for Theoretical Computer Science ({NVTI})},
  volume = 5,
  year = 	 {2001},
}

@INPROCEEDINGS{JacobsP01,
AUTHOR = "B. Jacobs and E. Poll",
title = {A Logic for the {Java Modeling Language JML}},
series = lncs,
pages = "284--299",
publisher = springer,
editor = "H. Hussmann",
number = "2029",
booktitle = fase01,
year = 2001
}		  


@article{BartJacobsWP,
author = "B. Jacobs",
title = "Weakest Precondition Reasoning for {Java} Programs with {JML} Annotations",
journal = "Journal of Logic and Algebraic Programming",
year = 2003,
note = "To appear"
}

@UNPUBLISHED{Jacobs03b, 
AUTHOR       = "B. Jacobs", 
TITLE        = "{Java}'s Integral Types in {PVS}",
NOTE         = "Manuscript, 
                \\\verb+http://www.cs.kun.nl/~bart/PAPERS/integral.ps.gz+", 
YEAR         = "2003"}

@misc{JassUrl,
title        = {{The JASS project}},
key       = {JASS},
note    = {\texttt{http://semantik.informatik.uni-oldenburg.de/\homedir jass/}}
}

@misc{JavaCardAPI,
title = {{Java Card 2.1. Platform Application Programming Interface (API) Specification}},
key = {API},
author = {{Sun Microsystems, Inc.}},
note = {\texttt{http://java.sun.com/products/javacard/htmldoc/}}
}

@Misc{JavaCardURL,
title={{JavaCard Technology}},
author = {{Sun Microsystems, Inc.}},
key = {JavaCard},
note= {\texttt{http://java.sun.com/products/javacard/}}
}

@misc{ SM99,
    key = {JCard},
    title = {\textsc{JavaCard} 2.1 Application Programming Interface},
    howpublished = "Sun Microsystems Inc. {http$:$//java.sun.com/products/javacard/}",
    year = {1999},
    note    = "\texttt{http://www.gemplus.com/smart/r\_d/publications/case-study/}",
}

@misc{JavaSpecificLanguage,
    key =   {Jav},
    title = "The \textsc{Java} Language Specification",
    author = {{Sun Microsystems, Inc.}},
    note = "{http$:$//java.sun.com/docs/books/jls/index.html}", 
    year = "2001", 
}


@book{JoyJiniSpecification99,
  author = 	 {B. Joy},
  publisher = 	 {Addison-Wesley},
  title = 	 {The {Jini} Specification},
  Teditor = 	 {Lisa Friendly and Ken Arnold},
  year = 	 {1999},
  address = 	 "\texttt{http://java.sun.com/docs/books/jini/spec/}",
}

@InProceedings{KimKLS01,
  author =       {M. Kim and S. Kannan and I. Lee and O. Sokolsky},
  title =        {Java-MaC: a Run-time Assurance Tool for Java Programs},
  booktitle =    {First Workshop on Run-time Verification},
  series =       {Electronic Notes in Theoretical Computer Science},
  year =         2001,
  publisher =    {Elsevier},
  month =        {July},
}

@inproceedings{ Kramer98,
    author = "Reto Kramer",
    title = "{iContract}$:$ The {J}ava {D}esigns by {C}ontract Tool",
    booktitle = "Proc. Technology of Object Oriented Languages and Systems, {TOOLS} 26, Santa Barbara/{CA}, {USA}",
    publisher = "IEEE CS Press, Los Alamitos",
    year = "1998"
}


@InProceedings{LasterG98,
  author = 	 {K. Laster and O. Grumberg},
  title = 	 {Modular Model Checking of Software},
  booktitle = {Tools and Algorithms for the Construction and Analysis of Systems ({TACAS~1998})},
  pages = 	 {20--35},
  year = 	 {1998},
  volume = 	 {1384},
  series = 	 lncs,
  publisher = springer
}

@INPROCEEDINGS{LeavensBR99b,
Author = "G.T. Leavens and A.L. Baker and C. Ruby",
Title  = "{JML}: A notation for detailed design",
Booktitle = "Behavioral Specifications for Businesses and Systems",
Editor = "H. Kilov and B. Rumpe and W. Harvey",
PUBLISHER = kluwer,
Pages = "175-188",
YEAR = 1999}

@techreport{LeavensBR99,
  Author =      "G.T. Leavens and A.L. Baker and C. Ruby",
  Title =       "{Preliminary Design of JML:
        a Behavioral Interface Specification Language for Java}",
  Institution = "Iowa State University, Department of Computer Science",
  Year =        1998,
  number =      "98-06",
  note = "\texttt{\\http://www.cs.iastate.edu/\homedir leavens/JML/prelimdesign/}"
}

@techreport{LeavensBR00,
  Author =      "G.T. Leavens and A.L. Baker and C. Ruby",
  Title =       "{Preliminary Design of JML:
        a Behavioral Interface Specification Language for Java}",
  Institution = "Iowa State University, Department of Computer Science",
  Year =        2000,
  number =      "98-06i",
}

@INPROCEEDINGS{LeavensLPRJ00,
author = "G.T. Leavens and K.R.M. Leino and E. Poll and C. Ruby and B. Jacobs"
,
title = "{JML: notations and tools supporting detailed design in Java}",
year = 2000,
booktitle = "OOPSLA 2000 Companion",
Pages =       "105--106",
publisher = "ACM Press",
note = {Also as Technical Report TR \#00-15, Iowa State University}
}


@unpublished{Leavens03,
AUTHOR = "G.T. Leavens and E. Poll and C. Clifton and Y. Cheon and C. Ruby",
TITLE  = "{JML} Reference Manual",
NOTE   = "Preliminary draft \\\verb+http://www.cs.iastate.edu/~leavens/JML/jmlrefman/jmlrefman_toc.html+"}

@MISC{VERIF,
KEY = "VER",
AUTHOR   = "VerifiCard Project homepage",
NOTE    = "\texttt{http://www.verificard.org}"}

@misc{ LeeKKSV99,
  author = "I. Lee and S. Kannan and M. Kim and O. Sokolsky and M. Viswanathan",
  title = "Runtime assurance based on formal specifications",
  series = "In Proceedings of the International Conference on Parallel and Distributed Processing Techniques and Applications",
  year = "1999",
}


@phdthesis{Leino95,
  author = "K.R.M. Leino",
  title =  {Toward Reliable Modular Programs},
  school = {California Institute of Technology},
  year =   1995,
}

@INPROCEEDINGS{Leino98,
AUTHOR       = "K.R.M. Leino",
TITLE        = "Data groups: specifying the modification of extended state",
BOOKTITLE    = OOPSLA98, 
PUBLISHER = "ACM Press", 
PAGES        = "144--153",
YEAR         = "1998"
}

@techreport{LeinoNS00,
author = "K.R.M. Leino and G. Nelson and J.B. Saxe",
title  = "{ESC/Java} User's Manual",
institution = "Compaq System Research Center",
number = "SRC 2000-002",
year   = 2000
}		  

@inproceedings{Leino01,
author = "K.R.M. Leino",
title = "{Applications of Extended Static Checking}",
booktitle = "Static Analysis (SAS 2001)",
editor = "P. Cousot",
year = 2001,
series = lncs,
publisher = springer,
number = 2126,
pages = "185--193"
}

@ARTICLE{LiskovW94,
  author =       "B.H. Liskov and J.M. Wing",
  title =        "A behavioral notion of subtyping.",
  journal =      ACMTPLS,
  volume =       "16",
  number =       "1",
  pages =        "1811--1841",
  year =         "1994",
}

@Misc{LoopAPIURL,
title={{ESC/Java specifications for the JavaCard API}},
key = {ESC/Javaspec},
note= {\newline \texttt{http://www.cs.kun.nl/\homedir erikpoll/publications/jc211\_specs.html}}
}


@misc{LoopUrl,
title        = {{The LOOP project}},
key       = {LOOP},
note    = {\texttt{http://www.cs.kun.nl/\homedir bart/LOOP/}}
}

@MISC{MarchePU02,
author = "C. March\'e and C. Paulin-Mohring and X. Urbain",
title = "The {Krakatoa} Tool for {JML/Java} Program Certification",
note = "Manuscript",
year = 2003
}

@article{MarchePU03,
author = "C. March\'e and C. Paulin-Mohring and X. Urbain",
title = "The {Krakatoa} tool for certification of {Java/JavaCard} programs annotated in {JML}",
journal = jlap,
volume = "58(1-2)",
pages = "89--106",
year = 2004
}


@misc{MarletL01,
author = "R. Marlet and M{\'e}tayer, D. Le",
title = "Security Properties and {Java Card} Specificities To Be
                  Studied in the {SecSafe} project",
year = 2001,
note = "Number: SECSAFE-TL-006"
}

@inproceedings{Mateescu98,
author = "R. Mateescu",
title = "Local model-checking of an alternation-free value-based modal mu-Calculus",  
editor = "A. Bossi and A. Cortesi and F. Levi",
booktitle = "2nd International Workshop on Verification, Model Checking and Abstract Interpretation",
publisher = "",
year = 1998,
pages = ""
}

@inproceedings{McCarthyH69,
author = "J. McCarthy and P. Hayes",
title = "Some philosophical problems from the standpoint of artificial
                  intelligence",  
editor = "B. Meltzer and D. Michie",
booktitle = "Machine Intelligence 4",
publisher = "Edinburgh Univ. Press",
year = 1969,
pages = "463--502"
}

@inproceedings{MeijerP01,
  author =       {Meijer, H. and Poll, E.},
  title =        {{Towards a Full Formal Specification of the Java Card API}},
  editor =       {I. Attali and T. Jensen},
  booktitle =    {Smart Card Programming and Security (E-smart 2001)},
  series =       LNCS,
  publisher =    Springer,
  year =         {2001},
  number =       {2140},
  pages  =       {165--178},
}

@BOOK{Meyer97, 
AUTHOR       = "B. Meyer",
TITLE        = "Object-Oriented Software Construction",
PUBLISHER    = "Prentice Hall",
EDITION      = "$2^{\textrm{nd}}$ rev.",
YEAR         = 1997}


@inproceedings{MeyerP00,
author = {J. Meyer and A. Poetzsch-Heffter},
title = {An Architecture of Interactive Program Provers},
year = 2000,
booktitle = tacas00,
editor = "S. Graf and M. Schwartzbach",
publisher = Springer,
series = lncs,
number = 1785,
pages = "63--77"
}

@inproceedings{muller00modular,
author       = "P. M{\"u}ller and A. Poetzsch-Heffter",
title        = "Modular Specification and Verfication Techniques for 
                Object-Oriented Software Components",
editor       = "G.T.~Leavens and M. Sitaraman",
booktitle    = " Foundations of Component-Based Systems",
pages = "137--159",
publisher    = CUP,
year         = 2000
}

@inproceedings{MuellerPoetzsch-Heffter97a,
author    = { M\"uller P. and Poetzsch-Heffter, A. },
title     = { Formal Specification Techniques for Object Oriented
                  Programs},
year      = 1997,
editor    = {Jarke, M. and Pasedach, K. and Pohl, K.},
booktitle = {Informatik~97$:$ Informatik als Innovationsmotor},
series    = {Informatik Aktuell},
publisher = {Springer-Verlag}
}

@TechReport{MuellerPoetzsch-Heffter01a,
  author =       {M{\"u}ller, P. and Poetzsch-Heffter, A.},
  title =        {Universes$:$ A Type System for Alias and Dependency Control},
  institution =  {Fernuniversit\"at Hagen},
  year =         2001,
  number =       279,
}


@PhdThesis{Mueller01,
  author = {M{\"u}ller, P.},
  title =  {Modular Specification and Verification of Object Oriented Programs},
  school = {FernUniversit\"at Hagen},
  year =   2001,
}

@techreport{MuellerPoetzsch-HeffterLeavens01,
  author =      {M\"{u}ller, P. and Poetzsch-Heffter, A. and Leavens, G. T.},
  title =       "Modular Specification of Frame Properties in \textsc{Jml}",
  institution = "Department of Computer Science, Iowa State University",
  address =     "Ames, Iowa, 50011",
  number =      "01-03",
  year =        2001,
  month =       {April},
}

@InProceedings{Necula97,
  author =       "G.C. Necula",
  title =        "{Proof-Carrying Code}",
  booktitle =    "{Proceedings of POPL'97}",
  year =         "1997",
  pages =        "106--119",
 publisher={ACM Press}}

@Book{NipkowPW02,
  author	= {T. Nipkow and L.C. Paulson and M. Wenzel},
  title		= {Isabelle/HOL --- A Proof Assistant for Higher-Order Logic},
  publisher	= springer,
  series	= lncs,
  number	= 2283,
  year		= 2002}

@book{OaksWJiniNuthcell00,
  author = 	 {S. Oaks and H. Wong},
  title = 	 {{Jini} in A Nutchell: A Desktop Quick Reference},
  publisher = 	 {O'Reilly},
  Teditor = 	 {Mike Moukides},
  year = 	 {2000},
}



@inproceedings{OwreRRSS96, 
title = {{PVS}: Combining Specification, Proof Checking, and
         Model Checking},
author = {S. Owre and S. Rajan and J.M. Rushby and N. Shankar
          and M.K. Srivas},
booktitle = cav96,
editor = {R. Alur and T.A. Henzinger},
pages = {411--414},
publisher = springer,
series = LNCS,
number = 1102,
year = 1996,
}

@misc{PatternsURL,
  key = {Patterns},
  author = {SanTos Laboratory},
  title = 	 {A system of specification patterns},
  note = {\texttt{http://patterns.projects.cis.ksu.edu/}}
}

@book{Paulson94,
author = "L.C. Paulson",
title = "Isabelle$:$ a generic theorem prover",
publisher = springer,
year = 1994,
note = "With contributions by Tobias Nipkow",
series = LNCS,
number = 828
} 


@misc{PavlovaBBHL03,
author = "M. Pavlova and L. Burdy and G. Barthe and M. Huisman and J.-L. Lanet",
title = "Enforcing High-Level Security Properties for Applets",
year = 2003,
note = "Manuscript"
}

@InProceedings{PavlovaBBHL04,
  author = 	 {M. Pavlova and G. Barthe and L. Burdy and M. Huisman and J.-L. Lanet },
  title = 	 {Enforcing High Level Security Properties For Applets},
  booktitle = "Cardis'04",
  editor = "J.-J. Quisquater and P. Paradinas and Y. Deswarte and A.A. El Kalam",
  publisher = "Kluwer",
  pages = "1--16",
  year = 2004, 
  OPTannote = 	 {}
}

@article{Pnueli81,
  author =       "A. Pnueli",
  title =        "The temporal semantics of concurrent programs",
  journal =      "Theoretical Computer Science",
  volume =       "13",
  number =       "1",
  pages =        "45--60",
  month =        "jan",
  year =         "1981",
}

@INPROCEEDINGS{PoetzschHeffterM99a,
AUTHOR       = "A. Poetzsch-Heffter and P. M{\"u}ller",
TITLE        = "A Programming Logic for Sequential {Java}", 
BOOKTITLE    = { Programming Languages and Systems ({ESOP}~'99) },
EDITOR       = "S.D. Swierstra", 
PUBLISHER    = springer, 
SERIES       = LNCS, 
number       = 1576,
PAGES        = "162--176",
YEAR         = "1999"}

@inproceedings{PollBJ00,
    author = "Erik Poll and Joachim {van den} Berg and Bart Jacobs",
        title     = {{Specification of the \mbox{JavaCard} API in JML}},
    booktitle = "Fourth Smart Card Research and Advanced Application Conference ({IFIP} Cardis)",
    publisher = kluwer,
        editor    = "J. Domingo-Ferrer and D. Chan and A. Watson",
        pages     = "135--154",
    year = "2000",
}

@misc{PollS02,
author = "E. Poll and F. Spoto",
title = "Static Analysis for {JML}'s assignable Clauses",
note = "Manuscript",
year = 2002
}

@misc{PollUrl,
author = "E. Poll",
title = "{Formal interface Java specifications for the Java Card API 2.1.1}",
note = "\texttt{http://www.cs.kun.nl/\homedir erikpoll/publications/jc211\unsc specs.html}, with contributions by other members of the LOOP project"
}

@article{PrasetyaS02,
author = "I. Prasetya and S. Swierstra",
title = "Factorizing fault tolerance",
journal = TCS,
volume = "290(2)",
year = "2003",
pages = "1201--1222"
}

@inproceedings{PrensaNieto00,
  author =       {Leonor Prensa-Nieto},
  title =        {Verifying Single and Multi-mutator Garbage Collectors with Owicki-Gries in Isabelle/HOL},
  editor =       {},
  booktitle =    {MFCS},
  series =       LNCS,
  number =       {1893},
  pages =        {619--628},
  publisher =    {Springer-Verlag},
  year =         "2000",
}

@misc{PrensaNieto01,
  title   = {Completeness of the Owicki-Gries System for Parameterized Parallel Programs},
  author  = {Leonor Prensa-Nieto},
  year    = {2001},
  oganization = {FMPPTA},
}

@misc{PurseUrl,
  title   = "Applet Benchmark Kit",
  author  = "Gemplus",
  key     = "Purse",
  note    = {\texttt{http://www.gemplus.com/smart/r\_d/publications/case-study/}},
}

@MastersThesis{Robby00,
  author = 	 {Robby},
  title = 	 {{Bandera Specification Language: a Specification Language for Software Model Checking}},
  school = 	 {Kansas State University},
  year = 	 {2000},
}

@inproceedings{RobbyRDH04,
author = "Robby and E. Rodr{\'\i}guez and M.B. Dwyer and J. Hatcliff",
title =" Checking Strong Specifications Using An Extensible Software Model Checking Framework",
booktitle = tacas04,
pages = " 404--420",
year = 2004
}



@article{Santone02,
author = "A. Santone",
title = "Automatic Verification of Concurrent Systems Using a
  Formula-Based Compositional Approach",
journal = ACI,
volume = "38",
pages = "531--564",
year = "2002"
}

@article{ SavageBNSA97,
    author = "Stefan Savage and Michael Burrows and Greg Nelson and Patrick Sobalvarro and Thomas Anderson",
    title = "{Eraser}: {A} Dynamic Data Race Detector for Multithreaded Programs",
    journal = "ACM Transactions on Computer Systems",
    volume = "15",
    number = "4",
    pages = "391--411",
    year = "1997",
}

@TechReport{Schneider99,
  author =       {F.B. Schneider},
  title =        {Enforceable security policies},
  institution =  {Cornell University},
  year =         {1999},
  number =       {TR99-1759},
  month =        {October}
}


@article{ ShatzTMD96,
    author = "Sol M. Shatz and Shengru Tu and Tadao Murata and Sastry Duri",
    title = "Application of {Petri} net reduction for {Ada} tasking deadlock analysis",
    journal = "IEEE Transactions on Parallel and Distributed Systems",
    volume = "7",
    number = "12",
    pages = "1307--1322",
    year = "1996",
}


@misc{SpinURL,
  title   = {Model-checking with {SPIN}},
  key     = {SPING},
  note    = {\texttt{http://netlib.bell-labs.com/netlib/spin/whatispin.html}}
}

@inproceedings{SpotoP03,
   author = {F. Spoto and E. Poll},
   booktitle = {{F}oundations of {O}bject-{O}riented {L}anguages (FOOL-10)},
   title = {Static Analysis for {JML}'s assignable Clauses},
   editor = {G. Ghelli},
   year = {2003},
}

@inproceedings{SprengerGH04,
        author = {C. Sprenger and D. Gurov and M. Huisman},
        title = {Compositional Verification for Secure Loading of Smart Card Applets},
        year = {2004},
        pages = {211--222},
        editor = "C. Heitmeyer and J.-P. Talpin",
        publisher = "IEEE",
        booktitle = {Memocode 2004}
}

@TECHREPORT{SprengerEtAl03,
  AUTHOR = {C. Sprenger and D. Gurov and M. Huisman},
  TITLE = {Simulation Logic, Applets and Compositional
                  Verification},
  URL = {http://www.inria.fr/rrrt/rr-4890.html},
  YEAR = {2003},
  INSTITUTION = {INRIA},
  NUMBER = {RR-4890}
}


@inproceedings{TKL03:rv,
title={Testing and Monitoring Model-based Generated Program},
author={L. Tan and J. Kim and I. Lee},
booktitle={Proceeding of{RV}'03},
year={2003},
series=entcs,
volume=89,
issue=2,
publisher={Elsevier}}


@inproceedings{TrentelmanH02,
title = {{Extending JML Specifications with Temporal Logic}},
author = "K. Trentelman and M. Huisman",
year = 2002,
booktitle = amast02,
publisher = springer,
series = lncs,
pages = "334-348",
number = 2422,
editor = "H. Kirchner and C. Ringeissen"
}


@Misc{resetUrl,
title={{Roadmap for European Research on Smartcard Technologies}},
note={See \\\verb!http://www.ercim.org/reset!},
key={Reset}
}


@Misc{sc2010Url, 
  author={European Commission Information Society Directorate General},
  title =        {Research for the Smart Card of 2010},
  year =         {2001},
  note =         {See {\tt ftp://ftp.cordis.lu/pub/ist/docs/ka2/}}
}


