@string {lncs           = {LNCS}}
@string{springer        = {Springer-Verlag}}            %
@string{cav96           = {Computer-Aided Verification (CAV '96)}}
@string{cup             = "Cambridge University Press"}

%1
@article{Apt81,
  author =       "K.R. Apt",
  title =        "Ten Years of {Hoare}'s Logic$:$ {A} Survey $-$ {Part I}",
  journal =      "ACM Transactions on Programming Languages and Systems",
  volume =       "3",
  number =       "4",
  pages =        {431-483},
  month =        "oct",
  year =         "1981",
  CODEN =        "ATPSDT",
  ISSN =         "0164-0925",
}

%2
@incollection{ Hoa89,
    author = "{C.A.R} {H}oare",
    title = "An Axiomatic Basis for Computer Programming",
    booktitle = "{C.A.R} {H}oare and {C.B} Jones (Ed.), Essays in Computing Science",
    publisher = "Prentice Hall",
    year = "1989"
}

%3
@book{ Flo67,
    author = "R. W. Floyd",
    title = "Assigning meanings to programs",
    publisher = "J. T. Schwartz editor, Mathematical Aspects of Computer Science. American Mathematical Society",
    year = "1967",
}


%4
@inproceedings{ BHJP99,
author       = "Berg, J. van den and M. Huisman and B. Jacobs
		and E. Poll",
title        = "A Type-Theoretic Memory Model for Verification of
                Sequential {Java} Programs",
booktitle    = "Recent Trends in Algebraic Development Techniques", 
series       = LNCS, 
number       = 1827,
pages        = "1-21",
editor       = "D. Bert and C. Choppy and P.D. Mosses",
publisher    = springer,
year         = 2000
}

%5
@inproceedings{ DL96,
    author = "Krishna Kishore Dhara and Gary T. Leavens",
    title = "Forcing Behavioral Subtyping Through Specification Inheritance",
    booktitle = "Proceedings of the 18th International Conference on Software Engineering, Berlin, Germany",
    publisher = "IEEE Computer Society Press",
    pages = "258--267",
    year = "1996",
}

%6
@misc{ESC,
key = "{ESC}",
title = "Extended Static Checking for \textsc{Esc/Java}",
howpublished = "Compaq Research Center, \texttt{http$:$//www.research.compaq.com/SRC/esc/Esc.html}",
}

%7
@misc{JAVA,
    key =   {Jav},
    title = "The \textsc{Java} Language Specification",
    howpublished = "Sun {Microsystems} Inc, {http$:$//java.sun.com/docs/books/jls/index.html}", 
    year = "2001", 
}

%8
@book{ HNSS00,
    author = "U. Hansmann and M. S. Nicklous and T. Sch{\"a}ck and F. Seliger",
    title = "Smart Card Application Development Using \textsc{Java}",
    publisher = "Springer-Verlag",
    year = "2000"
}

%9
@inproceedings{ HJ00,
author       = "M. Huisman and B. Jacobs", 
title        = "{Java} Program Verification via a {Hoare} Logic with 
                Abrupt Termination", 
booktitle    = "Fundamental Approaches to Software Engineering (FASE 2000)",
publisher    = springer, 
editor       = "T. Maibaum",
pages        = "284--303",
series       = LNCS, 
number       = "1783",            
year         = 2000
}


%10
@article{HJB01,
author       = "M. Huisman and B. Jacobs and Berg, J. van den", 
title        = "A case study in class library verification:
	        {Java}'s {Vector} class", 
journal      = "Software Tools for Technology Transfer (STTT)",
volume       = "3/3",
pages        = "332 -- 352",
year         = 2001
}


%11
@inproceedings{ Kra98,
    author = "Reto Kramer",
    title = "{iContract}$:$ The {J}ava {D}esigns by {C}ontract Tool",
    booktitle = "Proc. Technology of Object Oriented Languages and Systems, {TOOLS} 26, Santa Barbara/{CA}, {USA}",
    publisher = "IEEE CS Press, Los Alamitos",
    year = "1998"
}

%12
@book{ JBHBHT98,
    author = "B. Jacobs and J. {van den} Berg and M. Huisman and M. {van} Berkum and U. Hensel and H. Tews",
    title = "Reasoning about classes in \textsc{Java} (preliminary report)",
    publisher = "Object Oriented Programming, Systems, Languages and Applications (OOPSLA), pages 329-340. ACM Press ",
    year = "1998"
}


%13
@misc{ SM99,
    key = "JCard",
    title = "\textsc{JavaCard} 2.1.1 Application Programming Interface",
    howpublished = "Sun Microsystems Inc. {http$:$//java.sun.com/products/javacard/}",
    year = "2000"
}


%14
@incollection{ LBR99,
    author = "Gary T. Leavens and Albert L. Baker and Clyde Ruby",
    title = "\textsc{Jml}$:$ {A} Notation for Detailed Design",
    booktitle = "Behavioral Specifications of Businesses and Systems",
    publisher = "Kluwer Academic Publishers",
    editor = "Haim Kilov and Bernhard Rumpe and Ian Simmonds",
    pages = "175--188",
    year = "1999",
}


%15
@techreport{ LBR00,
    author = "Gary T. Leavens and Albert L. Baker and Clyde Ruby",
    title = "Preliminary Design of \textsc{Jml}$:$ {A} Behavioral Interface Specification Language for \textsc{Java}",
    number = "98-06i",
    year = "2000",
    institution = "Department of Computer Science, Iowa State University",
}


%16
@misc{LoopUrl,
key       = {LOOP},
title     = "{The LOOP project}",
howpublished = "\texttt{http$:$//www.cs.kun.nl/$\sim$~bart/LOOP/index.html}"
}


%17
@book{ Mey97,
    author = "Bertrand Meyer", 
    title = "Object Oriented software construction",
    publisher = "Prentice Hall",
    year = "1997",
}


%18
@inproceedings{ ORRS96, 
title = {{PVS}: Combining Specification, Proof Checking, and
         Model Checking},
author = {S. Owre and S. Rajan and J.M. Rushby and N. Shankar
          and M.K. Srivas},
booktitle = cav96,
editor = {R. Alur and T.A. Henzinger},
pages = {411--414},
publisher = springer,
series = LNCS,
number = 1102,
year = 1996,
}


%19
@book{ Pau94,
author = "L.C. Paulson",
title = "Isabelle$:$ a generic theorem prover",
publisher = springer,
year = 1994,
note = "With contributions by Tobias Nipkow",
series = LNCS,
number = 828
} 

%20
@inproceedings{ PBJ00,
    author = "Erik Poll and Joachim {van den} Berg and Bart Jacobs",
    title = "Specification of the \textsc{JavaCard} \textsc{Api} in \textsc{Jml}",
    booktitle = "Fourth Smart Card Research and Advanced Application Conference ({IFIP} Cardis)",
    publisher = "Kluwer Academic Publishers",
    year = "2000",
}


%21
@book{ Hui01,
    author = "Marieke Huisman",
    title = "Reasoning about \textsc{Java} programs in higher order logic with PVS and Isabelle, PhD Thesis",
    publisher = "University of Nijmegen",
    year = "2001"
}


%22
@techreport{ BBJP01,
 title = "On the Role of Invariants in Reasoning about Object Oriented Languages",
 year = "2001",
 author = "Joachim {van den} Berg and Cees-Bart Breunesse and Bart Jacobs and Erik Poll",
 institution = "Computing Science Institute, University of Nijmegen",
}

%23
@inproceedings{ JP01,
author       = "B. Jacobs and E. Poll",
title        = "A Logic for the {J}ava {M}odeling {L}anguage \textsc{Jml}",
booktitle    = "Fundamental Approaches to Software Engineering (FASE)",
editor       = "H. Hussmann",
pusblisher   = "Springer, Berlin",
series       = "LNCS",
number       = "2029",
pages        = "284--299",
year         = "2001",
}

%24
@techreport{ BMGL00,
    author = "E. Bretagne and A. El Marouani and P.Girard and J.-L. Lanet",
    title = "PACAP Purse and Loyalty specification",
    number = "V 0.4",
    year = "2000",
    institution = "GEMPLUS" ,
}

%25
@TechReport{MuellerPoetzsch-Heffter01a,
  author =       {M{\"u}ller, P. and Poetzsch-Heffter, A.},
  title =        {Universes$:$ A Type System for Alias and Dependency Control},
  institution =  {Fernuniversit\"at Hagen},
  year =         2001,
  number =       279,
}

%26
@inproceedings{ borger99programmer,
  author = "E. Borger and W. Schulte",
  title = "A programmer friendly modular definition of the semantics of \textsc{Java}",
  booktitle = "Formal Syntax and Semantics of \textsc{Java}",
  editor = "In J. Alves-Foss",
  publisher    = "Springer, Berlin",
  volume       = "1523",
  pages       = " 353--404",
  year         = "1999",
}

%27
@inproceedings{muller00modular,
author       = "P. M{\"u}ller and A. Poetzsch-Heffter",
title        = "Modular Specification and Verfication Techniques for 
                Object-Oriented Software Components",
editor       = "G.T.~Leavens and M. Sitaraman",
booktitle    = " Foundations of Component-Based Systems",
pages = "137--159",
publisher    = CUP,
year         = 2000
}

%28
@inproceedings{MuellerPoetzsch-Heffter97a,
author    = { M\"uller P. and Poetzsch-Heffter, A. },
title     = { Formal Specification Techniques for Object Oriented
                  Programs},
year      = 1997,
editor    = {Jarke, M. and Pasedach, K. and Pohl, K.},
booktitle = {Informatik~97$:$ Informatik als Innovationsmotor},
series    = {Informatik Aktuell},
publisher = {Springer-Verlag}
}

%29
@PhdThesis{Mueller01,
  author = {M{\"u}ller, P.},
  title =  {Modular Specification and Verification of Object Oriented Programs, PhD Thesis},
  school = {FernUniversit\"at Hagen},
  year =   2001,
}

%30
@inproceedings{ hoare89proof,
    author = "{C.A.R} {H}oare",
    title = "Proof of Correctness of Data Representations",
    editor = "{C.A.A} {H}oare and {C.B} Jones",
    booktitle = "Essays in Computing Science",
    publisher = "Prentice Hall",
    year = "1989",
}

%31
@techreport{MuellerPoetzsch-HeffterLeavens01,
  author =      {M\"{u}ller, P. and Poetzsch-Heffter, A. and Leavens, G. T.},
  title =       "Modular Specification of Frame Properties in \textsc{Jml}",
  institution = "Department of Computer Science, Iowa State University",
  address =     "Ames, Iowa, 50011",
  number =      "01-03",
  year =        2001,
  month =       {April},
}

%32
@techreport{ bhorkar00runtime,
    author = "Abhay Bhorkar",
    title = "A Run-time Assertion Checker for {Java} using {JML}",
    number = "00-08",
    address = "226 Atanasoff Hall, Ames, Iowa 50011",
    institution = "Iowa State University",
    year = "2000",
}

%33
@techreport{ gordon93mechanized,
  author = "Mike Gordon",
  title = "A mechanized {H}oare logic of state transitions",
  institution = "University of Cambridge Computer Laboratory",
  year = "1993",
}

%34
@inproceedings{ MuellerPoetzsch-Heffter99,
  author =       {M{\"u}ller, P. and Poetzsch-Heffter, A.},
  title =        {Modular Specification and Verification Techniques for Object Oriented Software Components},
  booktitle =    {Foundations of Component-Based Systems},
  publisher =    {Cambridge University Press},
  year =         2000,
  editor =       {Leavens, G. T. and Sitaraman, M.},
}

%35
@misc{ Lei97,
    title = "Data groups$:$ Specifying the modification of extended state",
    author = "K. Rustan M. Leino",
    year = 1997,
}

%36
@phdthesis{Lei95,
  author = "K. Rustan M. Leino",
  title =  {Toward Reliable Modular Programs, PhD Thesis},
  school = {California Institute of Technology},
  year =   1995,
}

%36
@misc{CH01Url,
title = {Annotated files {Electronic Purse} case study},
author = "N. Cata{\~n}o and M. Huisman",
note = "\texttt{http://www-sop.inria.fr/lemme/verificard/electronic\_purse}",
year = 2001
}

%37
@misc{EscJmlDiff,
title = {Differences between {E}SC/{Java} and {JML}},
note = {Comes with {JML} distribution, in file \texttt{esc-jml-diffs.txt}},
year = 2000,
key = {EJ00}
}

%38
@inproceedings{FL01,
title  = {Houdini, an annotation assistant for {ESC/Java}},
author = {C. Flanagan and K.R.M. Leino},
booktitle = {Formal Methods Europe 2001 (FME'01): Formal Methods for Increasing Software Productivity},
editor = {J.N. Oliveira and P. Zave},
series = lncs,
number = 2021,
publisher = springer,
year  = 2001,
pages = {500--517}
}

%39
@misc{JassUrl,
title   = {{The JASS project}},
key     = {JASS},
note    = {\texttt{http://semantik.informatik.uni-oldenburg.de/}\verb|~|\texttt{jass/}}
}

%40
@techreport{LeinoNS00,
author = "K.R.M. Leino and G. Nelson and J. B. Saxe",
title  = "{ESC/Java} User's Manual",
institution = "Compaq System Research Center",
number      = "SRC 2000-002",
year        = "2000",
}	

%41
@inproceedings{MPH00,
author = {J. Meyer and A. Poetzsch-Heffter},
title  = {An Architecture of Interactive Program Provers},
year   = 2000,
booktitle = tacas00,
editor    = "S. Graf and M. Schwartzbach",
publisher = springer,
series    = lncs,
volume    = 1785,
pages     = "63--77"
}

%42
@misc{PurseUrl,
title          = {Applet Benchmark Kit},
author         = "Gemplus",
key            = {Purse},
howpublished   = {\texttt{http://www.gemplus.com/smart/r\_d/publications/case-study/}}
}

%43
@misc{CH02,
  title = 	 {Formal specification of Gemplus' electronic purse case study},
  year = 	 {2002},
  author =       {N. {Cata\~no} and M. {Huisman}},
  institution =  {INRIA, Sophia-Antipolis}
}

%44
@book{BBLPS99,
  author = 	 {B. B\'erard and M. Bidoit and F. Laroussinie and A. Petit and P. Schnoebelen},
  Teditor = 	 {Jean-Philippe Moreux},
  title = 	 {V\'erification des logiciels (Software systems verification)},
  publisher = 	 {Vuibert, Paris},
  year = 	 {1999},
  address = 	 "\texttt{http://www.vuibert.com/livre593.html}",
}

%45
@article{ CGL94,
    author = "Edmund M. Clarke and O. Grumberg and David E. Long",
    title = "Model Checking and Abstraction",
    journal = "ACM Transactions on Programming Languages and Systems",
    volume = "16",
    number = "5",
    month = "September",
    publisher = "ACM Press",
    pages = "1512--1542",
    year = "1994"
}

%46
@article{DGG97,
  author =       {Dams, Dennis and Gerth, Rob and Grumberg, Orna},
  title =        {Abstract Interpretation of Reactive Systems},
  journal =      {ACM Transactions on Programming Languages and Systems},
  year =         "1997",
  volume =       "19",
  number =       "2"
}

%47
@InProceedings{Pnue77,
  author =       "Amir Pnueli",
  title =        "The temporal logic of programs",
  booktitle =    "Proceedings of the 18th IEEE Symposium on the
                 Foundations of Computer Science (FOCS-77)",
  address =      "Providence, Rhode Island",
  publisher =    "IEEE Computer Society Press",
  organization = "IEEE",
  month =        oct # " 31--" # nov # " 2",
  year =         "1977",
  pages =        "46--57",
  annote =       "[to read] Presents the idea of reactive systems and
                  temporal logic in contrast to transformationel
                  systems using Hoare Logic."
}

%48
@InProceedings{CE81,
  author =       "E. M. Clarke and E. A. Emerson",
  title =        "Design and synthesis of synchronization skeletons using branching time temporal logic.",
  booktitle =    "Proc. Logics of Programs",
  address =      "Yorktown Heights, New York",
  publisher =    "Lecture Notes in Computer Science",
  organization = "LNCS",
  month =        "may ",
  year =         "1981",
  pages =        "52--71",
}

%49
@InProceedings{EH82,
  author = "E. A. Emerson and J. Y. Halpern",
  title = "Decision Procedures and Expressiveness in the Temporal Logic of Branching Time",
  booktitle = "Proc. 14th Symp. Theory of Computing (STOC'82)",
  address = "San Francisco, CA",
  publisher = "ACM",
  organization = "ACM",
  month =        "may ",
  year =         "1982",
  pages =        "169--180",
}

%50
@article{Pnue81,
  author =       "A. Pnueli",
  title =        "The temporal semantics of concurrent programs",
  journal =      "Theoretical Computer Science",
  volume =       "13",
  number =       "1",
  pages =        "45--60",
  month =        "jan",
  year =         "1981",
}

%51
@misc{JContractUrl,
title   = {JContract},
key     = {JCONTRACT},
note    = {\texttt{http$://$www.parasoft.com$/$products$/$jtract$/$}},
}


%52
@MastersThesis{Cat01,
  author = 	 "N. Cata{\~n}o",
  title = 	 {La clause \textsc{modifiable} de \textsc{Jml}: S\'emantique, V\'erification et Application},
  school = 	 {Universit\'e de Paris $VII$},
  year = 	 {2001},
  OPTkey = 	 {},
  OPTtype = 	 {},
  OPTaddress = 	 {},
  OPTmonth = 	 {},
  OPTnote = 	 {},
  OPTannote = 	 {}
}