@STRING{ENTCS   = "Elect. Notes in Theor. Comp. Sci."}
@string{elsevier="Elsevier  Publishing"}
@string {LNCS           = {LNCS}}
@string{springer        = {Springer}}%{Springer-Verlag}}            %
@string{tacas00 	= "Tools and Algorithms
                           for the Construction and Analysis of
		  Systems (TACAS 2000)"}

@techreport{BretagneMGL00,
    author = "E. Bretagne and A. El Marouani and P.Girard and J.-L. Lanet",
    title = "PACAP Purse and Loyalty specification",
    number = "V 0.4",
    year = "2000",
    institution = "GEMPLUS" ,
}

@misc{CatanoH01URL,
title = {Annotated files {Purse} case study},
author = "N. Cata{\~n}o Collazos and M. Huisman",
note = "\texttt{http://www-sop.inria.fr/lemme/verificard/purse}",
year = 2001
}

@misc{ESCJavaUrl,
title        = {{Extended static checking for Java}},
key       = {ESC},
note    = {\texttt{http://research.compaq.com/SRC/esc/}}
}

@misc{EscJmlDiff,
title = {DIFFERENCES BETWEEN {E}SC/{JAVA} AND {JML}},
note = {Comes with {JML} distribution, in file \texttt{esc-jml-diffs.txt}},
year = 2000,
key = {EJ00}
}

@inproceedings{FlanaganL01,
title = {Houdini, an annotation assistant for {ESC/Java}},
author = {C. Flanagan and K.R.M. Leino},
booktitle = {Formal Methods Europe 2001 (FME'01): 
Formal Methods for Increasing Software Productivity}, 
editor = {J.N. Oliveira and P. Zave},
series = lncs,
number = 2021,
publisher = springer,
year = 2001,
pages = {500--517}
}

@misc{JassUrl,
title        = {{The JASS project}},
key       = {JASS},
note    = {\texttt{http://semantik.informatik.uni-oldenburg.de/}\verb|~|\texttt{jass/}}
}

@misc{JavaCardAPI,
title = {The {Java Card} 2.1.1. {Application Programming Interface (API)}},
author = "Sun Microsystems",
year = 2000
}

@Misc{JavaCardURL,
author={{JavaCard Technology}},
note= {\verb!http://java.sun.com/products/javacard!}}

@ARTICLE{HuismanJB00a, 
AUTHOR       = "M. Huisman and B. Jacobs and Berg, J. van den", 
TITLE        = "A case study in class library verification:
	        {Java}'s {Vector} class", 
JOURNAL      = "Software Tools for Technology Transfer (STTT)",
volume       = "3/3",
pages        = "332 -- 352",
YEAR         = 2001}

@TechReport{LeavensBR99,
  Author =      "G.T. Leavens and A.L. Baker and C. Ruby",
  Title =       "Preliminary Design of {JML}:
        A Behavioral Interface Specification Language for {Java}",
  Institution = "Iowa State University, Department of Computer Science",
  Year =        1998,
  Number =      "98-06",
  URL = "ftp://ftp.cs.iastate.edu/pub/techreports/TR98-06/TR.ps.gz"
}

@TECHREPORT{LeinoNS00,
AUTHOR = "K.R.M. Leino and G. Nelson and J. B. Saxe",
TITLE  = "{ESC/Java} User's Manual",
INSTITUTION = "Compaq System Research Center",
NUMBER = "SRC 2000-002",
YEAR = 2000
}		  


@misc{LoopUrl,
title        = {{The LOOP project}},
key       = {LOOP},
note    = {\texttt{http://www.cs.kun.nl/\~{}bart/LOOP/index.html}}
}

@inproceedings{MeijerP01,
  author =       {Meijer, H. and Poll, E.},
  title =        {Towards a full formal specification of the {Java Card API}},
  editor =       {I. Attali and Th. Jensen},
  booktitle =    {Smart Card Programming and Security},
  series =       lncs,
  publisher =    springer,
  year =         {2001},
  number =       {2140},
  pages  =       {165--178},
}




@BOOK{Meyer97, 
AUTHOR       = "B. Meyer",
TITLE        = "Object-Oriented Software Construction",
PUBLISHER    = "Prentice Hall",
EDITION      = "$2^{\textrm{nd}}$ rev.",
YEAR         = 1997}

@INPROCEEDINGS{MeyerP00,
AUTHOR = {J. Meyer and A. Poetzsch-Heffter},
TITLE = {An Architecture of Interactive Program Provers},
YEAR = 2000,
BOOKTITLE = tacas00,
EDITOR = "S. Graf and M. Schwartzbach",
PUBLISHER = springer,
SERIES = lncs,
VOLUME = 1785,
pages = "63--77"
}

@misc{PurseUrl,
title        = {{Applet Benchmark Kit}},
key       = {Purse},
publisher    = {\texttt{http://www.gemplus.com/smart/r\_d/publications/case-study/}}
}

@misc{ SM99,
    key = "JCard",
    title = "\textsc{JavaCard} 2.1 Application Programming Interface",
    howpublished = "Sun Microsystems Inc. {http$:$//java.sun.com/products/javacard/}",
    year = "1999"
    note    = {\texttt{http://www.gemplus.com/smart/r\_d/publications/case-study/}}
}
