@INPROCEEDINGS{Gosl,
	AUTHOR = "J. A. Gosling",
	TITLE = "Java intermediate bytecodes",
	BOOKTITLE = " ACM SIGPLAN Workshop on Intermediate Representations Proceedings",
	PAGES = "111-118",
	ORGANIZATION = "ACM",
	MONTH = "", 
	YEAR = {1995}
	}

@INPROCEEDINGS{Yell,
	AUTHOR = "F. Yellin",
	TITLE = "Low level security in Java",
	BOOKTITLE = "4th International World Wide Web Conference Proceedings",
	PAGES = "369-379",
	ORGANIZATION = "O'Reilly",
	MONTH = "", 
	YEAR = {1995}
	}

@INPROCEEDINGS{ABHR99,
	AUTHOR = "M. Abadi and A. Banerjee and N. Heintze and J.G. Riecke",
	TITLE = "A Core Calculus of dependency",
	BOOKTITLE = "26th Annual ACM SIGPLAN-SIGACT Symposium on
        Principles of Programming Languages Proceedings",
	PAGES = "147-160",
	ORGANIZATION = "Texas, Usa",
	MONTH = "", 
	YEAR = {1999}	}

@INPROCEEDINGS{Banerjee02a,
	AUTHOR = "A. Banerjee and D.A. Naumann",
	TITLE = "Representation Independence, Confinement and Access Control",
	BOOKTITLE = "29th Annual ACM SIGPLAN-SIGACT Symposium on
        Principles of Programming Languages (POPL'02) Proceedings",
	PAGES = "166-177",
	ORGANIZATION = "Portland, Usa",
	MONTH = "", 
	YEAR = {2002}	}

@INPROCEEDINGS{Pottier02,
	AUTHOR = "F. Pottier and V. Simonet",
	TITLE = "Information flow inference for ML",
	BOOKTITLE = "29th Annual ACM Symposium on Principles of Programming Languages (POPL'02) Proceedings",
	PAGES = "319-330",
	ORGANIZATION = "Portland, Usa",
	MONTH = "", 
	YEAR = {2002}	}


@INPROCEEDINGS{Banerjee02b,
	AUTHOR = "A. Banerjee and D.A. Naumann",
	TITLE = "Secure Information Flow and Pointer Confinement in a {Java}-like Language",
	BOOKTITLE = "15th IEEE Security Foundations Workshop (CSFW'02) Proceedings",
	PAGES = "",
	ORGANIZATION = "IEEE",
	MONTH = "", 
	YEAR = {2002}	}

@INPROCEEDINGS{Cazin00,
	AUTHOR = "J. Cazin  and A. El-Marouani  and P.Girard  and J.L. Lanet  and V. Wiels and G. Zanon",
	TITLE = "The PACAP prototype: a tool for detecting illegal flows",
	BOOKTITLE = "Java Card Workshop Proceedings",
	PAGES = "",
	ORGANIZATION = "Cannes",
	MONTH = "September", 
	YEAR = {2000}	}


@techreport{Rushby92,
	AUTHOR = "J. Rushby",
	TITLE = "Noninterference, Transitivity, and Channel-Control Security Policies",
	NUMBER = "CSL-92-02",
	INSTITUTION = "SRI International",
        URL="http://www.csl.sri.com/papers/csl-92-2/",
	YEAR = 1992	}


@INPROCEEDINGS{Girard99,
	AUTHOR = "P. Girard",
	TITLE = "Which security policy for multiapplication smart cards?",
	BOOKTITLE = "USENIX Workshop on Smart Card Technology Proceedings",
	PAGES = "",
	ORGANIZATION = "available at http://www.usenix.org/publications/library/proceedings/smartcard99",
	MONTH = "", 
	YEAR = {1999}	}


@INPROCEEDINGS{Call99,
	AUTHOR = "R. O'Callahan",
	TITLE = "A simple, comprehensive type system for java bytecode subroutines",
	BOOKTITLE = "26th Annual ACM SIGPLAN-SIGACT Symposium on
        Principles of Programming Languages Proceedings",
	PAGES = "70-78",
	ORGANIZATION = "Texas, Usa",
	MONTH = "", 
	YEAR = {1999}	}


@INPROCEEDINGS{Cetal00,
	AUTHOR = "J. Corbett and M. Dwyer and J. Hatcliff and C. Pasareanu and Robby and 
S. Laubach and H. Zheng",
	TITLE = "Bandera: Extracting Finite-state Models from Java Source Code",
	BOOKTITLE = "22nd Int. Conf. on Software Engineering 2000 Proceedings",
	PAGES = "439-448",
	ORGANIZATION = "ACM Press",
	MONTH = "", 
	YEAR = { 2000}	}


@ARTICLE{Volpano,
	AUTHOR = "D. Volpano and C. Irvine",
	TITLE = "Secure Flow Typing",
	JOURNAL = {Computers and Security},
	VOLUME = {16},
	NUMBER = {2},
	PAGES = {137-144},
	MONTH = " ",
	YEAR = {1997}	}



@ARTICLE{report,
	AUTHOR = "R. Barbuti and C. Bernardeschi and N. De Francesco",
	TITLE = "Checking Secure Information Flow in Assembly Code by Abstract Interpretation",
	JOURNAL = "IET Int. Report 20-01 ",
	VOLUME = { },
	NUMBER = { },
	PAGES = { },
	MONTH = "",
	YEAR = {2001}	}



@ARTICLE{guerrini,
	AUTHOR = "L. Guerrini",
	TITLE = "Sviluppo di uno strumento per la verifica statica del flusso di informazione sicuro in applicazioni per Java Card",
	JOURNAL = "Master thesis, Dipartimento Ingegneria dell'Informazione, University of Pisa, Italy",
	VOLUME = { },
	NUMBER = { },
	PAGES = { },
	MONTH = "",
	YEAR = {2002}	}

@INPROCEEDINGS{GM82,
	AUTHOR = "J. Goguen and J. Meseguer",
	TITLE = "Security Policies and Security Models",
	BOOKTITLE = "IEEE Symposium on Security and Privacy Proceedings",
	PAGES = "11-20",
	ORGANIZATION = "",
	MONTH = "", 
	YEAR = {1982}	}



@INPROCEEDINGS{BN02,
	AUTHOR = "A. Banerjee,  D. A. Naumann",
	TITLE = "Representation independence, confinement and access control",
	BOOKTITLE = "29th ACM Symposium on Principles of Programming Languages Proceedings",
	PAGES = "166-177",
	ORGANIZATION = "",
	MONTH = "", 
	YEAR = {2002}	}

@INPROCEEDINGS{COMPSAC02,
	AUTHOR = "C. Bernardeschi and N. De Francesco and G. Lettieri",
	TITLE = "Using Standard  Verifier to Check Secure Information Flow in Java Bytecode",
	BOOKTITLE = "26th Annual International Computer Software and Applications Conference Proceedings",
	PAGES = "",
	ORGANIZATION = "Oxford, England",
	MONTH = "August", 
	YEAR = {2002}	}


@ARTICLE{MM02,
	AUTHOR = "C. Bernardeschi and N. De Francesco and G. Lettieri",
	TITLE = "An Abstract Semantics Tool for Secure Information Flow of Stack-based Assembly Programs",
	JOURNAL = "Microprocessors and Microsystems",
	VOLUME = {26},
	NUMBER = {8},
	PAGES = {391-398},
	MONTH = "",
	YEAR = {2002}	}

@ARTICLE{HP00,
	AUTHOR = "K. Havelund and T. Pressburger",
	TITLE = "Model Checking Java Programs using Java PathFinder",
	JOURNAL = "Int. Journal on Software Tools for Technology Transfer (STTT)",
	VOLUME = {2 },
	NUMBER = {4 },
	PAGES = {366-381},
	MONTH = "",
	YEAR = {2000}	}


@INPROCEEDINGS{SS01,
	AUTHOR = "A. Sabelfeld and D. Sands",
	TITLE = "The impact of synchronization on secure information flow
in concurrent programs",
	BOOKTITLE = "Andrei Ershov 4th International
Conference on  Perspective of System Informatics Proceedings",
	PAGES = "",
	ORGANIZATION = "LNCS, Springer-Verlag, Novosibirsk",
	MONTH = "July", 
	YEAR = {2001}	}

@ARTICLE{IPL01,
	AUTHOR = "R. Barbuti and C. Bernardeschi and N. De Francesco",
	TITLE = "Abstract Interpretation of Operational Semantics for Secure Information Flow",
	JOURNAL = "Information Processing Letters",
	VOLUME = {83},
	NUMBER = {2},
	PAGES = {101-108},
	MONTH = "",
	YEAR = {2002}	}

@ARTICLE{Qian00,
	AUTHOR = "Z. Qian",
	TITLE = "Standard fixpoint iteration for
  Java bytecode verification",
	JOURNAL = "ACM Transactions on
    Programming Languages and Systems",
	VOLUME = {22},
	NUMBER = {4},
	PAGES = {638-672},
	MONTH = "",
	YEAR = {2000}	}


@INPROCEEDINGS{SAC02,
	AUTHOR = "R. Barbuti and C. Bernardeschi and N. De Francesco",
	TITLE = "Checking Security of Java Bytecode by Abstract Interpretation",
	BOOKTITLE = "The 17th ACM Symposium on Applied Computing: Special Track on Computer Security Proceedings",
	PAGES = "229-236",
      ORGANIZATION = "Madrid",
	MONTH = "March", 
	YEAR = {2002}	}








@INPROCEEDINGS{SEKE02,
	AUTHOR = "R. Barbuti, L. Tesei, C. Bernardeschi and N. De Francesco",
	TITLE = "Fixing the Java Bytecode Verifier by a Suitable Type Domain",
	BOOKTITLE = "The Fourteenth International Conference on 
Software Engineering and Knowledge Engineering Proceedings",
	PAGES = "377-382",
      ORGANIZATION = "Ischia",
	MONTH = "", 
	YEAR = {2002}	}



@ARTICLE{Bell,
	AUTHOR = "D. E. Bell and  L. J. La Padula",
	TITLE = "Secure Computer Systems: mathematical foundations and model",
	JOURNAL = "Technical Report M74-244, MITRE Corporation, Bedford, Massachusetts",
	VOLUME = {},
	NUMBER = {},
	PAGES = {},
	MONTH = "",
	YEAR = {1973}	}

@INPROCEEDINGS{VENICE,
	AUTHOR = "C. Bernardeschi and N. De Francesco",
	TITLE = "Combining Abstract Interpretation  and Model Checking for Analysing Security Properties of Java Bytecode",
	BOOKTITLE = "Third International Workshop on Verification, Model Checking and Abstract Interpretation Proceedings",
	PAGES = "1-15",
	ORGANIZATION = " LNCS 2294, Venice",
	MONTH = "January", 
	YEAR = {2002}}


@INPROCEEDINGS{AF2000,
	AUTHOR = "A.W. Appel and A.P. Felty",
	TITLE = "A semantic Model of Types and Machine Instructions for Proof-Carring Code",
	BOOKTITLE = "ACM SIGPLAN Conference on Programming Language Design and Implementation
	Proceedings",
	PAGES = "243-253",
	ORGANIZATION = "",
	MONTH = "", 
	YEAR = {2000}	}

@ARTICLE{Reitman,
	AUTHOR = "G. R. Andrews and R. P. Reitman",
	TITLE = "An axiomatic approach to information flow in programs",
	JOURNAL = "ACM Trans. Program. Lang. Syst.",
	VOLUME = {2},
	NUMBER = {1},
	PAGES = {56-76},
	MONTH = "",
	YEAR = {1980}	}

@ARTICLE{region,
	AUTHOR = "T. Ball",
	TITLE = "What's in a region? Or computing control dependence regions in near-linear time for 
reducible control flow",
	JOURNAL = "ACM Letters on Program. Lang. Syst.",
	VOLUME = {2},
	NUMBER = {1-4},
	PAGES = {1-16},
	MONTH = "",
	YEAR = {1993}	}

Proceedings of CAV'2001, LNCS 2102


@INPROCEEDINGS{Leroy,
	AUTHOR = "X. Leroy",
	TITLE = "Java bytecode verification: an overview",
	BOOKTITLE = " 13th International Conference on Computer Aided Verification, LNCS 2102, 
	Proceedings",
	PAGES = " 265-285",
	ORGANIZATION = "",
	MONTH = "July", 
	YEAR = {2001}	}

@article{leroy02bytecode,
  AUTHOR = "X. Leroy",
  TITLE = "Bytecode verification for Java smart card",
  JOURNAL = "Software Practice \& Experience", 
  VOLUME = "32",
  PAGES = "319--340",
  YEAR = {2002},
  url = "citeseer.nj.nec.com/leroy02bytecode.html" }

@ARTICLE{Leroy-bytecode-verification-03,
  AUTHOR = {X. Leroy},
  TITLE = {{Java} bytecode verification: 
                         algorithms and formalizations},
  JOURNAL = {Journal of Automated Reasoning},
  YEAR = 2003,
  NOTE = {To appear in the special issue on {Java}
                         bytecode verification},
  URL = {http://pauillac.inria.fr/~xleroy/publi/bytecode-verification-JAR.pdf},
}


@ARTICLE{Banatre,
	AUTHOR = "J. Banatre and C. Bryce and D. L. M\'etayer",
	TITLE = "Compile-time detection of information flow in sequential programs",
	JOURNAL = "LNCS",
	VOLUME = {875},
	NUMBER = {},
	PAGES = {55-73},
	MONTH = "",
	YEAR = {1994}	}


@INPROCEEDINGS{bibier,
	AUTHOR = "P. Bieber and J. Cazin and P. Girard and J-L. Lanet and V.Wiels and G. Zanon",
	TITLE = "Checking Secure Interactions of Smart Card Applets",
	BOOKTITLE = "ESORICS 2000 Proceedings",
	PAGES = "",
	ORGANIZATION = "",
	MONTH = "", 
	YEAR = {2000}	}

@INPROCEEDINGS{cousot77,
	AUTHOR = "P. Cousot and R. Cousot",
	TITLE = "Abstract Interpretation: a unified lattice model for static analysis of programs by construction or approximation of 
fixpoints",
	BOOKTITLE = " 4th Annual ACM SIGPLAN-SIGACT Symposium on Principles of Programming Languages Proceedings",
	PAGES = " 238-252",
	ORGANIZATION = " Los Angeles, California",
	MONTH = "", 
	YEAR = {1977}	}


@ARTICLE{cousot92,
	AUTHOR = "P. Cousot and R. Cousot",
	TITLE = "Abstract interpretation frameworks",
	JOURNAL = "Journal of Logic and Comp.",
	VOLUME = {2},
	NUMBER = {},
	PAGES = {511-547},
	MONTH = "",
	YEAR = {1992}	}


@INPROCEEDINGS{cousot92bis,
	AUTHOR = "P. Cousot and R. Cousot",
	TITLE = "Inductive Definitions, Semantics and Abstract interpretations",
	BOOKTITLE = "ACM POPL'92 Proceedings",
	PAGES = "83-94",
	ORGANIZATION = "",
	MONTH = "", 
	YEAR = {1992}	}


@ARTICLE{Denning76,
	AUTHOR = "D. E. Denning",
	TITLE = "A lattice model of secure information flow",
	JOURNAL = "Comm. ACM",
	VOLUME = {19},
	NUMBER = {5},
	PAGES = {236-243},
	MONTH = "",
	YEAR = {1976}	}

@ARTICLE{Denning77,
	AUTHOR = "D. E. Denning and P. J. Denning",
	TITLE = "Certification of programs for secure information flow",
	JOURNAL = "Comm. ACM",
	VOLUME = {20},
	NUMBER = {7},
	PAGES = {504-513},
	MONTH = "",
	YEAR = {1977}	}

@INPROCEEDINGS{HR98,
	AUTHOR = "N. Heintze and J.G. Riecke",
	TITLE = "The Slam Calculus: programming with Secrecy and Integrity",
	BOOKTITLE = "ACM POPL'98 Proceedings",
	PAGES = "365-377",
	ORGANIZATION = "",
	MONTH = "", 
	YEAR = {1998}	}


@ARTICLE{JASM,
	AUTHOR = "J. Meyer",
	TITLE = "About Jasmin",
	JOURNAL = " http://mrl.nyu.edu/~meyer/jasmin/",
	VOLUME = {},
	NUMBER = {},
	PAGES = {},
	MONTH = "July",
	YEAR = {1996}	}

@inproceedings{kild,
author = {G. Kildall},
title = {A unified approach to global program optimization},
booktitle = {Proceedings of the 1$^{st}$ Annual ACM Symposium on
                    Principles of Programming
                Languages},
pages = {194--206},
year = {1973}
}


@ARTICLE{Nielsen,
	AUTHOR = "N. D. Jones and F. Nielson",
	TITLE = "Abstract interpretation: a semantic based tool for program analysis",
	JOURNAL = "S. Abramsky, D.M. Gabbay, T.S.E. Maibaum(Eds.), Handbook of Logic in Computer Science ",
	VOLUME = { Vol. 4},
	NUMBER = { },
	PAGES = {527-636 },
	MONTH = "Oxford University Press, Oxford",
	YEAR = {1995}	}


@ARTICLE{JDK,
	AUTHOR = "",
	TITLE = "Java SDK 1.3.1",
	JOURNAL = "http://java.sun.com/j2ee/sdk\_1.3/index.html",
	VOLUME = {},
	NUMBER = {},
	PAGES = {},
	MONTH = "",
	YEAR = {}	}

@ARTICLE{Leino,
	AUTHOR = "R. Joshi and K.R.M. Leino",
	TITLE = "A semantic approach to secure information flow",
	JOURNAL = "Science of Computer Programming",
	VOLUME = {37},
	NUMBER = {1-3},
	PAGES = {113-138},
	MONTH = "May",
	YEAR = {2000}	}

@BOOK{Lind,
	AUTHOR = "T. Lindholm and F. Yellin",
	TITLE = "The Java virtual machine specification",
	PUBLISHER = "Addison-Wesley Publishing Company",
	ADDRESS = "Reading, Massachusetts",
	YEAR = "1996"	}

@book{VMSPEC2,
 author = {Tim Lindholm and Frank Yellin},
 title = {Java Virtual Machine Specification, 2nd edition},
 year = {1999},
 isbn = {0201432943},
 publisher = {Addison-Wesley Longman Publishing Co., Inc.},
 }

@ARTICLE{Mizuno,
	AUTHOR = "M. Mizuno and D. A. Schmidt",
	TITLE = "A security flow control algorithm and its denotational semantics correctness proof",
	JOURNAL = "Formal Aspects of Computing",
	VOLUME = {4},
	NUMBER = { },
	PAGES = {727-754},
	MONTH = " ",
	YEAR = {1992}	}

@INPROCEEDINGS{Myers99,
	AUTHOR = "A. C. Myers",
	TITLE = "Jflow: Practical Mostly-Static Information Flow Control",
	BOOKTITLE = "ACM POPL'99 Proceedings",
	PAGES = "228-241",
	ORGANIZATION = "",
	MONTH = "", 
	YEAR = {1999}	}

@ARTICLE{Morrisett,
	AUTHOR = "G. Morrisett and D. Walker and K. Crary and N. Glew",
	TITLE = "From System F to Typed Assembly Language",
	JOURNAL = {ACM Trans. Program. Lang. Syst.},
	VOLUME = {21},
	NUMBER = {3},
	PAGES = {527-568},
	MONTH = " ",
	YEAR = {1999}	}



@INPROCEEDINGS{Necula97,
	AUTHOR = "G. C. Necula",
	TITLE = "Proof-Carrying Code",
	BOOKTITLE = "24th Annual Symposium on Principles of Programming Languages Proceedings",
	PAGES = "106-119",
	ORGANIZATION = "",
	MONTH = "January", 
	YEAR = {1997}  }



@INPROCEEDINGS{Necula96,
	AUTHOR = "G. C. Necula and P. Lee",
	TITLE = "Safe Kernel Extensions without Run-Time Checking",
	BOOKTITLE = "OSDI 96  Proceedings",
	PAGES = "",
	ORGANIZATION = "",
	MONTH = "October", 
	YEAR = {1996}  }

@ARTICLE{Plotkin,
	AUTHOR = "G. D. Plotkin",
	TITLE = "A structural approach to operational semantics",
	JOURNAL = "Technical Report DAIMI FN-19, Computer Science Department, Aarhus University",
	VOLUME = { },
	NUMBER = { },
	PAGES = { },
	MONTH = "",
	YEAR = {1981}	}

@INPROCEEDINGS{PV98,
	AUTHOR = "J. Possegga and H. Vogt",
	TITLE = "Bytecode Verification for Java Smartcards Based on Model Checking",
	BOOKTITLE = "ESORICS 98 Proceedings",
	PAGES = "",
	ORGANIZATION = "",
	MONTH = "", 
	YEAR = {1998}  }



@INPROCEEDINGS{Pottier00,
	AUTHOR = "F. Pottier and S. Conchon",
	TITLE = "Information flow inference for free",
	BOOKTITLE = "ACM ICFP'00 Proceedings",
	PAGES = "46-57",
	ORGANIZATION = "",
	MONTH = "", 
	YEAR = {2000}	}

@INPROCEEDINGS{RR98,
	AUTHOR = "E. Rose and K. Rose",
	TITLE = "Lightweight Bytecode Verification",
	BOOKTITLE = "WFUJ 98 Proceedings",
	PAGES = "",
	ORGANIZATION = "",
	MONTH = "", 
	YEAR = {1998}  }


@INPROCEEDINGS{Schmidt98,
	AUTHOR = "D. A. Schmidt",
	TITLE = "Data-flow analysis is model checking of abstract interpretations",
	BOOKTITLE = "ACM POPL'98 Proceedings",
	PAGES = "",
	ORGANIZATION = "",
	MONTH = "", 
	YEAR = {1998}	}

@INPROCEEDINGS{SchmidtAI,
	AUTHOR = "D. A. Schmidt",
	TITLE = " Abstract interpretation of small-step semantics",
	BOOKTITLE = "5th  LOMAPS Workshop on Analysis and Verification of Multiple-Agent Languages Proceedings",
	PAGES = "",
	ORGANIZATION = "",
	MONTH = "", 
	YEAR = {1996}	}

@INPROCEEDINGS{VolConc,
	AUTHOR = "G. Smith and D. Volpano",
	TITLE = "Secure information flow in a multi-threaded imperative language",
	BOOKTITLE = "Proceedings 25th Annual ACM SIGPLAN-SIGACT Symposium on Principles of Programming languages",
	PAGES = "1-10",
	ORGANIZATION = "San Diego California",
	MONTH = "", 
	YEAR = {1998}	}

@ARTICLE{VolTypeSys,
	AUTHOR = "D. Volpano and G. Smith and C. Irvine",
	TITLE = "A sound type system for secure flow analysis",
	JOURNAL = {Journal of Computer Security},
	VOLUME = {4},
	NUMBER = {3},
	PAGES = {167-187},
	MONTH = " ",
	YEAR = {1996}	}

@INPROCEEDINGS{VolCovert,
	AUTHOR = "D. Volpano and G. Smith",
	TITLE = "Eliminating covert flows with minimum typing",
	BOOKTITLE = "Proceedings 10th IEEE Computer Security Security Foundation Workshop",
	PAGES = "156-168",
	ORGANIZATION = "",
	MONTH = "", 
	YEAR = {1997}	}

@ARTICLE{PER99,
	AUTHOR = "A. Sabelfeld and D. Sands",
	TITLE = "A PER model of secure information flow in sequential programs",
	JOURNAL = {LNCS},
	VOLUME = {1576},
	NUMBER = {},
	PAGES = {40-58},
	MONTH = " ",
	YEAR = {1996}	}

@ARTICLE{Stata99,
	AUTHOR = "R. Stata and M. Abadi",
	TITLE = "A type system for Java bytecode subroutine",
	JOURNAL = {ACM Trans. Program. Lang. Syst.},
	VOLUME = {21},
	NUMBER = {1},
	PAGES = {90-137},
	MONTH = " ",
	YEAR = {1999}	}

@ARTICLE{ZMb,
	AUTHOR = "S. Zdancewic and A.C. Myers",
	TITLE = "Secure Information Flow via Linear Continuations",
	JOURNAL = {Higher Order and Symbolic Computation},
	VOLUME = {15(2/3)},
	NUMBER = {},
	PAGES = {},
	MONTH = "Kluwer Academic Publishers, The Netherlands",
	YEAR = {2002}	}


{VolCovert,
	AUTHOR = "D. Volpano and G. Smith",
	TITLE = "Eliminating covert flows with minimum typing",
	BOOKTITLE = "Proceedings 10th IEEE Computer Security Security Foundation Workshop",
	PAGES = "156-168",
	ORGANIZATION = "",
	MONTH = "", 
	YEAR = {1997}	}

@INPROCEEDINGS{ZMa,
	AUTHOR = "S. Zdancewic and A.C. Myers",
	TITLE = "Secure information flow and CPS",
	BOOKTITLE = "10th European Symposium on Programming Proceedings",
	PAGES = "46-61",
	ORGANIZATION = "LNCS 2028",
	MONTH = "", 
	YEAR = {2001}	}
 

@ARTICLE{Morriset99,
	AUTHOR = "G. Morrisett, D. Walker, K. Crary and N. Glew",
	TITLE = "From System F to Typed Assembly Language",
	JOURNAL = {ACM Transactions on Programming Languages and Systems},
	VOLUME = {21},
	NUMBER = {3},
	PAGES = {527-568},
	MONTH = " ",
	YEAR = {1999}	}

@ARTICLE{Jif,
	AUTHOR = "A.C. Myers and N. Nystrom and L. Zheng and S. Zdancewic",
	TITLE = "Jif: Java + information flow",
	JOURNAL = {http://www.cs.cornell.edu/jif/},
	VOLUME = {},
	NUMBER = {},
	PAGES = {},
	MONTH = " ",
	YEAR = {2002}	}




@ARTICLE{Morriset02,
	AUTHOR = "J. Gregory Morrisett, Karl Crary, Neal Glew and David Walker",
	TITLE = "Stack-based typed assembly language",
	JOURNAL = {Journal of Functional Programming},
	VOLUME = {12},
	NUMBER = {1},
	PAGES = {3-88},
	MONTH = " ",
	YEAR = {2002}	}
 




@INPROCEEDINGS{XMR2000,
	AUTHOR = "Z. Xu and B. P. Miller and T. Reps",
	TITLE = "Safety Checking of Machine Code",
	BOOKTITLE = "Proceedings ACM SIGPLAN Conf. on Programming Language Design and Implementation",
	PAGES = "70-82",
	ORGANIZATION = "",
	MONTH = "", 
	YEAR = {2000}	}




@ARTICLE{ZMb,
	AUTHOR = "S. Zdancewic, A.C. Myers",
	TITLE = "Secure Information Flow via Linear Continuations",
	JOURNAL = {Higher Order and Symbolic Computation},
	VOLUME = {15},
	NUMBER = {2/3},
	PAGES = {},
	MONTH = " ",
	YEAR = {2002}	}

@inproceedings{deville-building,
    author = "Damien Deville and Gilles Grimaud",
    title = {{Building an ``impossible'' verifier on a Java Card}},
    booktitle = {{2nd USENIX Workshop on Industrial Experiences with Systems Software}},
    year = {2002},
    address = {Boston, USA},
    url = {citeseer.nj.nec.com/542529.html} }
@manual{javacard,
    author = "{Sun Microsystem}",
    title = {{Java Card 2.2.1 Platform Specification}},
    year = {2003},
    url = {http://java.sun.com/products/javacard} }

@PhdThesis{Klein-PhD,
  author =       {Gerwin Klein},
  title =        {Verified Java Bytecode Verification},
  school =       {Institut f{\"u}r Informatik, Technische Universit{\"a}t M{\"u}nchen},
  year =         {2003},
  url =          {\url{http://www4.in.tum.de/~kleing/diss/}} }

@misc{jakarta,
  title = "{Jakarta project}",
  author = "{Apache Foundation}",
  url = "http://jakarta.apache.org/index.html"}

@url{bcel,
  title = "{BCEL user manual}, http://jakarta.apache.org/bcel/index.html",
  author = "{Apache Foundation}",
  url = "http://jakarta.apache.org/bcel/index.html",
  year = {2002}}

@INPROCEEDINGS{JTRES03,
	AUTHOR = "Cinzia Bernardeschi and Nicoletta {De Francesco} and Luca Martini",
	TITLE = "Efficient Bytecode Verification using immediate postdominators in control flow graphs",
        booktitle = {OTM Workshops},
        publisher = {Springer},
        series    = {Lecture Notes in Computer Science},
        volume    = {2889},
        year      = {2003},
        isbn      = {3-540-20494-6},
	PAGES = "425-436",
	ORGANIZATION = "",
	MONTH = "", }

@BOOK{AhoSU,
	AUTHOR = "A. V. Aho and R.Sethi and J.D. Ullman",
	TITLE = "Compilers: Principles, Techniques, and Tools",
	PUBLISHER = "Addison-Wesley Publishing Company",
	ADDRESS = "Reading, Massachusetts",
	YEAR = "1986"	}
@BOOK{aho-sethi-ullman,
    AUTHOR = "Alfred V. Aho and Ravi Sethi and Jeffrey D. Ullman",
    TITLE = "{Compilers, Principles, Techniques, and Tools}",
    PUBLISHER = "Addison-Wesley",
    YEAR = 1986,
    ANNOTE = "
	Mentions (mostly) viable prefix property.
	Earlier dragon book is more clear on this.
	Also mentioned in Graham-Rhodes paper.
	"
    }

@BOOK{AhoU,
	AUTHOR = "A. V. Aho and J.D. Ullman",
	TITLE = "Principles of Compilers Design",
	PUBLISHER = "Addison-Wesley",
	ADDRESS = "Reading, Mass.",
	YEAR = "1977"	}

@article{leroy-form,
  author = "X. Leroy",
  title = "Java bytecode verification: algorithms and formalizations",
  url = "citeseer.nj.nec.com/569133.html",
  journal = "Journal on automated reasoning",
  volume = "30",
  year = "2003"
}
@inproceedings{ johnson94program,
    author = "Richard Johnson and David Pearson and Keshav Pingali",
    title = "The Program Structure Tree: Computing Control Regions in Linear Time",
    booktitle = "{SIGPLAN} Conference on Programming Language Design and Implementation",
    pages = "171-185",
    year = "1994",
    url = "citeseer.nj.nec.com/johnson94program.html" }
@inproceedings{ johnson93dependencebased,
    author = "Richard Johnson and Keshav Pingali",
    title = "Dependence-Based Program Analysis",
    booktitle = "{SIGPLAN} Conference on Programming Language Design and Implementation",
    year = "1993",
    url = "citeseer.nj.nec.com/johnson93dependencebased.html" }
@book{javacardtech,
 author = {Zhiqun Chen},
 title = {Java Card Technology for Smart Cards: Architecture and Programmer's Guide},
 year = {2000},
 isbn = {0201703297},
 publisher = {Addison-Wesley Longman Publishing Co., Inc.},
 }

@article{tarjanLeng,
author = "T. Lengauer and R. E. Tarjan",
  title = "A Fast Algorithm for Finding Dominators in a Flowgraph",
  journal = "ACM Transactions on Prog. Lang. and Systems",
  volume = "1(1)",
  year = "1979",
  pages="121-141"
}

@article{weiss92,
 author = {Michael Weiss},
 title = {The transitive closure of control dependence: the iterated join},
 journal = {ACM Lett. Program. Lang. Syst.},
 volume = {1},
 number = {2},
 year = {1992},
 issn = {1057-4514},
 pages = {178--190},
  publisher = {ACM Press}
 }

@manual{flex,
author = {Vern Paxson},
title = {Flex, a fast scanner generator, version 2.5},
month = {March},
year = {1995},
url = {http://www.gnu.org/software/flex}
}

@manual{bison,
author = {Charles Donnely and Richard Stallman},
title = {Bison, the YACC-compatible parser generator},
organization = {Free Software Foundation},
month = {November},
year = {1995},
url = {http://www.gnu.org/software/bison}
}

@article{BartheRezk,
 author = {Gilles Barthe and Tamara Rezk},
 title = {Non-Interference for a {JVM}-like language},
 journal = {to appear},
 year = {2005},
 }

@techreport{JMLAnnotations,
	AUTHOR = "Lilian Burdy and Mariela Pavlova",
	TITLE = "Specification of {Java} {Modeling} {Language} Coding into the {Java} Bytecode",
	NUMBER = "",
	INSTITUTION = "Institute National de Recherche en Informatique et en Automatique",
        URL="http://www-sop.inria.fr/everest/personnel/Mariela.Pavlova/JML2BC.pdf",
	YEAR = 2005	
}

@url{jclasslib,
  title = "Jclasslib bytecode viewer, http://www.ej-technologies.com/products/jclasslib/overview.html",
  author = "{ej-technologies}",
  url = "http://www.ej-technologies.com/products/jclasslib/overview.html",
  year = {2005}}
