@string{ENTCS   = "ENTCS"}
@string{springer = "Springer"}
@string{lncs = "LNCS"}

@inproceedings{ acl2java,
  author = 	 {J S. Moore and R. Krug and H. Liu and G. Porter},
  title = 	 {Formal Models of {J}ava at the {JVM} Level 
                                     A Survey from the {ACL2} Perspective},
  booktitle = 	 {Workshop on Formal Techniques for Java Programs},
  year = 	 {2001},
  month = 	 {June},
  url = {citeseer.ist.psu.edu/moore01formal.html} }

@inproceedings{ArthoBiere05InliningSubroutines,
author = "C. Artho and A. Biere",
title = "Subroutine Inlining and Bytecode Abstraction to Simplify Static and Dynamic Analysis",
booktitle = "1st Workshop on Bytecode Semantics, Verification, Analysis and Transformation (BYTECODE'05)",
year = 2005,
note = "To appear",
publisher = ENTCS
}


@article{BreunesseCHJ04,
title = {Formal Methods for Smart Cards: an experience report},
author = "C. Breunesse and N. Cata{\~n}o and M. Huisman and B. Jacobs",
volume = 55,
issue = "1 - 3",
pages = "53--80",
journal = "Science of Computer Programming",
year = 2005
}


@article{BurdyCCEKLLP05,
title = "An overview of {JML} tools and applications",
author = "L. Burdy and Y. Cheon and D. Cok and M. Ernst and J. Kiniry and G.T. Leavens and K.R.M. Leino and E. Poll",
journal = "STTT",
volume = 7,
issue =3,
year = 2005
}

@inproceedings{BurdyP06,
author = {L. Burdy and M. Pavlova},
title = "Java Bytecode Specification and Verification", 
booktitle = "SAC'06",
note = "To appear",
year = "2006"
}


@TechReport{DeLineLeino05,
  author = 	 {Rob DeLine and K. Rustan M. Leino},
  title = 	 {{BoogiePL}: A typed procedural language for checking object-oriented programs},
  institution =  {Microsoft Research},
  year = 	 2005,
  number =	 {MSR-TR-2005-70}
}

@phdthesis{Dufay-PhD,
  author =       {Guillaume Dufay},
  title =        {V{\'e}rification formelle de la plate-forme JavaCard},
  month =        dec,
  year =         2003,
  type =         {Th{\`e}se de Doctorat},
  school =       {Universit{\'e} de Nice Sophia-Antipolis},
}

@Book{jbook01,
  author =	 {R. F. St{\"a}rk and J. Schmid and E. B{\"o}rger},
  title =	 {Java and the Java Virtual Machine---Definition,
                  Verification, Validation},
  publisher =	 {Springer-Verlag},
  year =	 {2001}
}

@unpublished{JMLReferenceManual05,
AUTHOR = "G.T. Leavens and E. Poll and C. Clifton and Y. Cheon and C. Ruby and  D. Cok and P. M{\"u}ller and J. Kiniry",
TITLE  = "{JML} Reference Manual",
year = 2005,
NOTE   = "Preliminary draft \\\verb+http://www.cs.iastate.edu/~leavens/JML/jmlrefman/jmlrefman_toc.html+"
}

@PhdThesis{Klein-PhD,
  author =       {Gerwin Klein},
  title =        {Verified Java Bytecode Verification},
  school =       {Institut f{\"u}r Informatik, Technische Universit{\"a}t M{\"u}nchen},
  year =         {2003},
  url =          {\url{http://www4.in.tum.de/~kleing/diss/}},
}

@article{Ledgard80,
author = "H.F. Ledgard",
title = "A Human Engineered Variant of {BNF}",
journal = "ACM SIGPLAN Notices",
volume = 15,
issue = 10,
pages = "57--62",
year = 1980
}


@ARTICLE{Leroy-bytecode-verification-03,
  AUTHOR = {Xavier Leroy},
  TITLE = {{Java} bytecode verification: 
                         algorithms and formalizations},
  JOURNAL = {Journal of Automated Reasoning},
  YEAR = 2003,
  VOLUME = 30,
  NUMBER = {3--4},
  PAGES = {235--269},
  URL = {http://gallium.inria.fr/~xleroy/publi/bytecode-verification-JAR.pdf},
  URLPUBLISHER = {http://www.springerlink.com/openurl.asp?genre=article&id=doi:10.1023/A:1025055424017},
  ABSTRACT = {Bytecode verification is a crucial security component for Java
applets, on the Web and on embedded devices such as smart cards.
This paper reviews the various bytecode verification algorithms that have
been proposed, recasts them in a common framework of dataflow analysis, and 
surveys the use of proof assistants to specify bytecode verification and
prove its correctness.  
(Extended and revised version of \cite{Leroy-survey-verif}.)}
}

@inproceedings{WildmoserCN-Bytecode05,
  author =  {Martin Wildmoser and Amine Chaieb and Tobias Nipkow},
  title =   {Bytecode Analysis for Proof Carrying Code},
  booktitle = {Proceedings of the 1st Workshop on Bytecode Semantics, Verification and Transformation, Electronic Notes in Computer Science},
  year =    2005,
  url =     {\url{http://www4.in.tum.de/~wildmosm/publications/WildmoserCN-Bytecode05.pdf}}
}

@article{HamidShaoEtAl:JAR2003,
journal = "Journal of Automated Reasoning",
publisher = "Springer Netherlands",
volume = 31, 
number = "3-4",
month = sep, 
year = 2003,
pages = "191 - 229",
title = "A Syntactic Approach to Foundational Proof-Carrying Code",
author = "Nadeem A. Hamid and Zhong Shao and Valery Trifonov and Stefan Monnier and Zhaozhong Ni"
}

@inproceedings{Necula:POPL1997,
 author = {George C. Necula},
 title = {Proof-carrying code},
 booktitle = {POPL '97: Proceedings of the 24th ACM SIGPLAN-SIGACT symposium on Principles of programming languages},
 year = {1997},
 isbn = {0-89791-853-3},
 pages = {106--119},
 location = {Paris, France},
 doi = {http://doi.acm.org/10.1145/263699.263712},
 publisher = {ACM Press},
 address = {New York, NY, USA},
 }
 
@inproceedings{NeculaLee:PLDI1998,
 author = {George C. Necula and Peter Lee},
 title = {The design and implementation of a certifying compiler},
 booktitle = {PLDI '98: Proceedings of the ACM SIGPLAN 1998 conference on Programming language design and implementation},
 year = {1998},
 isbn = {0-89791-987-4},
 pages = {333--344},
 location = {Montreal, Quebec, Canada},
 doi = {http://doi.acm.org/10.1145/277650.277752},
 publisher = {ACM Press},
 address = {New York, NY, USA},
 }

 @InProceedings{Appel:LICS2001,
    author = 	 {Andrew W. Appel},
    title = 	 {Foundational Proof-Carrying Code},
    booktitle =  {Proceedings of the Sixteenth Annual IEEE Symp. on Logic in Computer Science, {LICS} 2001},
    year =	 2001,
    editor =	 {Joseph Halpern},
    month =	 {June}, 
    pages =      {247},
    location =   {Boston, MA, USA}, 
    note =       {Invited Talk},
    publisher =	 {IEEE Computer Society Press}
  }

@Techrep{AppelFelten:TR636_01,
title = {Models for Security Policies in Proof-Carrying Code},
author = {Andrew W. Appel and Edward W. Felten},
institution = {Princeton University},
series = {Computer Science Technical Report},
number = {TR-636-01},
month = march,
year = 2001
}

@Manual{CLDCv1.1,
  title = 	 {Connected Limited Device Configuration.Specification Version 1.1. Java${}^{\mathrm{TM}}$ 2 Platform, Micro Edition (J2ME${}^{\mathrm{TM}}$)},
  organization = {Sun Microsystems Inc.},
  address =	 {4150 Network Circle, Santa Clara, California 95054},
  month =	 {March},
  year =	 2003,
  note =	 {http://jcp.org/aboutJava/communityprocess/final/jsr139/index.html}
}

@Manual{MIDPv2.0,
  title = 	 {Mobile Information Device Profile for Java${}^{\mathrm{TM}}$ 2 Micro Edition},
  organization = {Sun Microsystems Inc.},
  address =	 {4150 Network Circle, Santa Clara, California 95054},
  month =	 {November},
  year =	 2002,
  note =	 {http://jcp.org/aboutJava/communityprocess/final/jsr118/index.html}
}

@Book{JVMspec,
  author =	 {Tim Lindholm and Frank Yellin},
  title = 	 {The Java${}^{\mathrm{TM}}$ Virtual Machine Specification. Second Edition},
  publisher = 	 {Sun Microsystems, Inc.},
  year = 	 1999,
  note =	 {http://java.sun.com/docs/books/vmspec/}
}

@Book{JLS,
  author =	 {James Gosling and Bill Joy and Guy Steele and Gilad Bracha},
  title = 	 {The Java Language Specification, Third Edition},
  publisher = 	 {Sun Microsystems, Inc.},
  year = 	 2005,
  note =	 {http://java.sun.com/docs/books/jls/index.html}
}

@Misc{JavaAPI,
  key = {JavaAPI},
  title =	 {Java${}^{\mathrm{TM}}$ 2 Platform Standard Edition 5.0 API Specification},
  howpublished = {Sun Microsystems, Inc.},
  year =	 2004,
  note =	 {http://java.sun.com/j2se/1.5.0/docs/api/index.html}
}

@inproceedings{BarnettCDJL05,
title = "Boogie: A Modular Reusable Verifier for Object-Oriented Programs",
author = "M. Barnett and B.-Y. E. Chang and R. DeLine and B. Jacobs and K.R.M. Leino",
booktitle = "FMCO",
year = 2005
}

@BOOK{Meyer97, 
AUTHOR       = "B. Meyer",
TITLE        = "Object-Oriented Software Construction",
PUBLISHER    = "Prentice Hall",
EDITION      = "$2^{\textrm{nd}}$ rev.",
YEAR         = 1997}

@Unpublished{Berghofer06,
  author = 	 {S. Berghofer},
  title = 	 {A solution to the POPLMark challenge in Isabelle/HOL},
  year = 	 {2006},
  note = 	 "Slides of the talk on TYPES'06 Workshop \\\verb+http://www4.in.tum.de/~berghofe/+"
}

@inproceedings{WildmoserN-ESOP05,
  author =  {Martin Wildmoser and Tobias Nipkow},
  title =   {Asserting Bytecode Safety},
  booktitle ={Proceedings of the 14th European Symposium on Programming (ESOP 2005)},
  editor = {Mooly Sagiv},
  series = {LNCS},
  publisher = "Springer Verlag",
  volume = "3444",
  pages = "326--341",
  year =    2005}

@inproceedings{WildmoserN-TPHOLs04,
  author =  "Martin Wildmoser and Tobias Nipkow",
  title =   "Certifying Machine Code Safety: Shallow versus Deep Embedding",
  booktitle = "Proc.\ 17th Int.\ Conf.\ on Theorem Proving in Higher Order Logics (TPHOLs'04)",
  series= {LNCS},
  volume = 3223,
  publisher = "Springer Verlag",
  month= "September",
  year =    2004,
  editor = "Konrad Slind and Annette Bunker",
  pages = "305--320",
  url =  "\url{http://www4.in.tum.de/~wildmosm/publications/WildmoserN-TPHOLs04.pdf}"
}

@InProceedings{SpecSharp04,
  author =   {Mike Barnett and K. Rustan M. Leino and Wolfram Schulte},
  title =    {The {S}pec\# programming system: An overview},
  booktitle =  {CASSIS},
  year =   2004,
  volume =   3362,
  pages = {49--69},
  series =   {LNCS},
  publisher =  {Springer-Verlag}
}


@TechReport{BoogiePL,
  author = "Robert DeLine, K. Rustan M. Leino",
  title = "BoogiePL: A typed procedural language for checking object-oriented programs",
  institution = "HP Labs",
  number = "MSR-TR-2005-70",
  month = mar,
  year = 2005
}


@TechReport{Simplify:tome,
  author = "David Detlefs and Greg Nelson and James B. Saxe",
  title = "Simplify: A Theorem Prover for Program Checking",
  institution = "HP Labs",
  number = "HPL-2003-148",
  month = jul,
  year = 2003
}


@InProceedings{CokKiniry04,
  author =   {Cok, David and Kiniry, Joseph R.},
  title =    {{ESC/Java2}: Uniting {ESC/Java} and {JML}},
  booktitle =  {CASSIS},
  year =   {2004},
  pages =  {108--128},
  editor =   {Gilles Barthe and Lilian Burdy and Marieke Huisman and Jean-Louis Lanet and Traian Muntean},
  volume =   {3362},
  series =   {LNCS},
  publisher =  {Springer-Verlag}
}


@InProceedings{FlanaganEA02,
 author = {Cormac Flanagan and K. Rustan M. Leino and Mark Lillibridge and Greg Nelson and James B. Saxe and Raymie Stata},
 title = {Extended static checking for {J}ava},
 booktitle = {Programming language design and implementation (PLDI)},
 year = {2002},
 pages = {234--245},
 publisher = {ACM Press}
}


@article{Dijkstra75,
 author = {Edsger W. Dijkstra},
 title = {Guarded commands, nondeterminacy and formal derivation of programs},
 journal = {Commun. ACM},
 volume = {18},
 number = {8},
 year = {1975},
 issn = {0001-0782},
 pages = {453--457},
 doi = {http://doi.acm.org/10.1145/360933.360975},
 publisher = {ACM Press},
 address = {New York, NY, USA},
 }


@inproceedings{FlanaganSaxe01,
 author = {Cormac Flanagan and James B. Saxe},
 title = {Avoiding exponential explosion: generating compact verification conditions},
 booktitle = {POPL '01: Proceedings of the 28th ACM SIGPLAN-SIGACT symposium on Principles of programming languages},
 year = {2001},
 isbn = {1-58113-336-7},
 pages = {193--205},
 location = {London, United Kingdom},
 doi = {http://doi.acm.org/10.1145/360204.360220},
 publisher = {ACM Press},
 address = {New York, NY, USA},
 }

@inproceedings{BarnettLeino05,
 author = {Mike Barnett and K. Rustan M. Leino},
 title = {Weakest-precondition of unstructured programs},
 booktitle = {PASTE '05: The 6th ACM SIGPLAN-SIGSOFT workshop on Program analysis for software tools and engineering},
 year = {2005},
 isbn = {1-59593-239-9},
 pages = {82--87},
 location = {Lisbon, Portugal},
 doi = {http://doi.acm.org/10.1145/1108792.1108813},
 publisher = {ACM Press},
 address = {New York, NY, USA},
 }


@techreport{LeinoStata:TR_SRC1997_007,
    author = "K. Rustan M. Leino and Raymie Stata",
    title = "Checking Object Invariants",
    number = "\#1997-007",
    address = "Palo Alto, USA",
    year = "1997",
    institution = "Digital Equipment Corporation Systems Research Center",
    url = "citeseer.ist.psu.edu/leino97checking.html" }

@InProceedings{HaehnleMostowski:Cassis2004,
  author =       {Reiner H\"ahnle and Wojciech Mostowski},
  title =        {Verification of Safety Properties in the Presence of Transactions},
  booktitle =    {Proceedings, Construction and Analysis of Safe, Secure
                  and Interoperable Smart devices (CASSIS'04) Workshop},
  editor   =     {Gilles Barthe and Lilian Burdy and Marieke Huisman and 
                  Jean-Louis Lanet and Traian Muntean},
  publisher =    {Springer},
  pages =        {151--171},
  year =         2005,
  volume =       {3362},
  series =       {LNCS}
}

@InProceedings{BeckertSchlager:IJCAR2001,
  author =       {Bernhard Beckert and Steffen Schlager},
  title =        {A Sequent Calculus for  First-order Dynamic Logic with
		  Trace Modalities},
  booktitle =    {Proceedings, International Joint Conference on
		  Automated Reasoning (IJCAR'01), Siena, Italy},
  editor =       {R. Gor\`e and A. Leitsch and T. Nipkow},
  publisher =    {Springer},
  series =       {LNCS},
  volume =       {2083},
  pages =        {626--641},		  
  year =         {2001}
}

@inproceedings{FlanaganEtAL:PLDI2002,
  AUTHOR =       "Cormac Flanagan and K. Rustan M. Leino and Mark
                  Lillibridge and Greg Nelson and James B. Saxe and
                  Raymie Stata",
  TITLE =        "Extended Static Checking for {J}ava",
  BOOKTITLE =    { Proceedings of the ACM Conference on
                  Programming Language Design and Implementation
                  (PLDI'02)},
  VOLUME =       "37",
  issue =       "5",
  YEAR =         "2002",
  PAGES =        "234--245",
  MONTH =        { June },
  keywords =     {Verification Tool},
  url = {citeseer.ist.psu.edu/flanagan02extended.html}
}
 
@inproceedings{JacobsPoll:FASE2001,
  author    = {Bart Jacobs and
               Erik Poll},
  title     = "A Logic for the Java Modeling Language {JML}.",
  year      = {2001},
  pages     = {284-299},
  ee        = {http://link.springer.de/link/service/series/0558/bibs/2029/20290284.htm},
  crossref  = {DBLP:conf/fase/2001},
  bibsource = {DBLP, http://dblp.uni-trier.de}
}

@proceedings{DBLP:conf/fase/2001,
  editor    = {Heinrich Hu{\ss}mann},
  title     = {Fundamental Approaches to Software Engineering, 4th International
               Conference, FASE'01 Held as Part of the Joint European
               Conferences on Theory and Practice of Software, ETAPS'01
               Genova, Italy, April 2-6, 2001, Proceedings},
  booktitle     = {Fundamental Approaches to Software Engineering, 4th International
               Conference, FASE'01,
               Genova, Italy. Proceedings},
  publisher = {Springer},
  series    = {LNCS},
  volume    = {2029},
  year      = {2001},
  isbn      = {3-540-41863-6},
  bibsource = {DBLP, http://dblp.uni-trier.de}
}

@book{Jones:VDMbook1990,
    author = "Cliff B. Jones",
    title = "Systematic Software Development using {VDM}",
    publisher = "Prentice-Hall",
    address = "Upper Saddle River, NJ 07458, USA",
    isbn = "0-13-880733-7",
    pages = "xiv + 333",
    year = "1990",
    url = "citeseer.ist.psu.edu/jones95systematic.html" }

@phdthesis{Kleymann:PHD1998,
  author = "Thomas Kleymann",
  title = "Hoare Logic and VDM: Machine-Checked Soundness and 
           Completeness Proofs",
  school = "LFCS, University of Edinburgh",
  year = "1998",
  url = "citeseer.ist.psu.edu/kleymann98hoare.html" }

@inproceedings{Nipkow:CSL02,
author    = {Tobias Nipkow},
title     = {Hoare Logics for Recursive Procedures and Unbounded Nondeterminism},
booktitle = {Computer Science Logic (CSL'02)},
editor    = {J. Bradfield},
publisher = {Springer},
series    = {LNCS},
volume = {2471},
pages = {103-119},
year  = 2002
}


@inproceedings{AspinallEtAl:TPHOLs2004,
  author    = {David Aspinall and
               Lennart Beringer and
               Martin Hofmann and
               Hans-Wolfgang Loidl and
               Alberto Momigliano},
  title     = {A Program Logic for Resource Verification.},
  year      = {2004},
  pages     = {34-49},
  ee        = {http://springerlink.metapress.com/openurl.asp?genre=article{\&}issn=0302-9743{\&}volume=3223{\&}spage=34},
  crossref  = {DBLP:conf/tphol/2004},
  bibsource = {DBLP, http://dblp.uni-trier.de}
}

@proceedings{DBLP:conf/tphol/2004,
  editor    = {Konrad Slind and
               Annette Bunker and
               Ganesh Gopalakrishnan},
  title     = {Theorem Proving in Higher Order Logics, 17th International
               Conference, TPHOLs'04, Park City, Utah, September
               14-17, 2004, Proceedings},
  booktitle     = {Theorem Proving in Higher Order Logics, 17th International
               Conference, TPHOLs'04, Park City, Utah. Proceedings},
  publisher = {Springer},
  series    = {LNCS},
  volume    = {3223},
  year      = {2004},
  isbn      = {3-540-23017-3},
  bibsource = {DBLP, http://dblp.uni-trier.de}
}


@inproceedings{Reynolds:LICS2002,
  author    = {John C. Reynolds},
  title     = {Separation Logic: A Logic for Shared Mutable Data Structures.},
  booktitle = {LICS},
  year      = {2002},
  pages     = {55-74},
  ee        = {http://computer.org/proceedings/lics/1483/14830055abs.htm},
  crossref  = {DBLP:conf/lics/2002},
  bibsource = {DBLP, http://dblp.uni-trier.de}
}

@proceedings{DBLP:conf/lics/2002,
  title     = {17th IEEE Symposium on Logic in Computer Science (LICS'02),
               22-25 July 2002, Copenhagen, Denmark, Proceedings},
  booktitle = {LICS},
  publisher = {IEEE Computer Society},
  year      = {2002},
  isbn      = {0-7695-1483-9},
  bibsource = {DBLP, http://dblp.uni-trier.de}
}

@inproceedings{Benton:Aplas2005,
  author    = {Nick Benton},
  title     = {A Typed, Compositional Logic for a Stack-Based Abstract
               Machine.},
  year      = {2005},
  pages     = {364-380},
  ee        = {http://dx.doi.org/10.1007/11575467_24},
  crossref  = {DBLP:conf/aplas/2005},
  bibsource = {DBLP, http://dblp.uni-trier.de}
}

@proceedings{DBLP:conf/aplas/2005,
  editor    = {Kwangkeun Yi},
  title = {Programming Languages and Systems, Third Asian Symposium,
               APLAS'05, Tsukuba, Japan, November 2-5, 2005, Proceedings},
  booktitle = {Programming Languages and Systems, Third Asian Symposium,
               APLAS'05, Tsukuba, Japan, November 2-5, 2005, Proceedings},
  publisher = {Springer},
  series    = {LNCS},
  volume    = {3780},
  year      = {2005},
  isbn      = {3-540-29735-9},
  bibsource = {DBLP, http://dblp.uni-trier.de}
}

@inproceedings{BeringerHMS:LPAR2004,
  author    = {Lennart Beringer and
               Martin Hofmann and
               Alberto Momigliano and
               Olha Shkaravska},
  title     = {Automatic Certification of Heap Consumption.},
  year      = {2004},
  pages     = {347-362},
  ee        = {http://springerlink.metapress.com/openurl.asp?genre=article{\&}issn=0302-9743{\&}volume=3452{\&}spage=347},
  crossref  = {DBLP:conf/lpar/2004},
  bibsource = {DBLP, http://dblp.uni-trier.de}
}

@inproceedings{Benton:POPL2004,
  author    = {Nick Benton},
  title     = {Simple relational correctness proofs for static analyses
               and program transformations.},
  year      = {2004},
  pages     = {14-25},
  ee        = {http://doi.acm.org/10.1145/964001.964003},
  crossref  = {DBLP:conf/popl/2004},
  bibsource = {DBLP, http://dblp.uni-trier.de}
}

@proceedings{DBLP:conf/popl/2004,
  editor    = {Neil D. Jones and
               Xavier Leroy},
  title     = {Proceedings of the 31st ACM Symposium on
               Principles of Programming Languages, POPL'04, Venice,
               Italy, January 14-16, 2004},
  booktitle = {Proceedings of the 31st ACM Symposium on
               Principles of Programming Languages, POPL'04, Venice,
               Italy},
  publisher = {ACM},
  year      = {2004},
  isbn      = {1-58113-729-X},
  bibsource = {DBLP, http://dblp.uni-trier.de}
}
@proceedings{DBLP:conf/lpar/2004,
  editor    = {Franz Baader and
               Andrei Voronkov},
  title     = {Logic for Programming, Artificial Intelligence, and Reasoning,
               11th International Conference, LPAR'04, Montevideo, Uruguay,
               March 14-18, 2005, Proceedings},
  booktitle = {Logic for Programming, Artificial Intelligence, and Reasoning,
               11th International Conference, LPAR'04, Montevideo, Uruguay.
               Proceedings},
  publisher = {Springer},
  series    = {LNCS},
  volume    = {3452},
  year      = {2005},
  isbn      = {3-540-25236-3},
  bibsource = {DBLP, http://dblp.uni-trier.de}
}
@inproceedings{AspinallEtAl:COCV2006,
  author = "David Aspinall and Lennart Beringer and Alberto Momigliano",
  title = "Optimisation Validation",
  booktitle = "Proceedings of the 5th International Workshop on 
               Compiler Optimization Meets Compiler Verification 
               (COCV'06)",
  editor = "Jens Knoop and George C. Necula and Wolf Zimmermann",
  year = {2006},
  series = {ENTCS},
  publisher = {Elsevier},
  note = "To appear"
}

@techreport{Pusch98,
  author = "Cornelia Pusch",
  title = "Formalizing the {Java Virtual Machine} in {Isabelle/{HOL}}",
  institution = "Technical University Munich",
  number = "TUM-I9816",
  year = "1998",
  url = "citeseer.ist.psu.edu/pusch98formalizing.html" 
}


@inproceedings{Nipkow-FOSSACS01,
  author={Tobias Nipkow},
  title={Verified Bytecode Verifiers},
  booktitle={Foundations of Software Science and Computation Structures (FOSSACS 2001)},
  editor={F. Honsell, M. Miculan},
  publisher={Springer},
  series={LNCS},volume=2030,
  pages={347--363},
  year=2001
}

@TechReport{SecSafeJVME,
  author = 	 {Igor Siveroni and Chris Hankin},
  title = 	 {A {P}roposal for {JCVMLe} {O}perational {S}emantics},
  institution =  {SECSAVE},
  year = 	 2001,
  number =	 {SECSAFE-ICSTM-001}
}



@PhdThesis{QuigleyJIT04,
  author = 	 {C. L. Quigley},
  title = 	 {A Programming Logic for Java Bytecode Programs},
  school = 	 {University of Glasgow},
  year = 	 2004
}


@misc{Poetzsch-Heffter97,
  AUTHOR        = { Poetzsch-Heffter, Arnd },
  TITLE         = { Specification and Verification of Object-Oriented Programs } ,
  HOWPUBLISHED  = { Habilitation thesis, Technical University of Munich },
  YEAR          = 1997
}

@Misc{AlagicXVP05,
  author =	 {Suad Alagi\'c and Mark Royer},
  title =	 {Next Generation of Virtual Platforms},
  howpublished = {article in \texttt{odbms.org}},
  month =	 {October},
  year =	 2005,
  note =	 {available from \texttt{http://odbms.org/about\_contributors\_alagic.html}}
}

@misc{JSR133,
  key =          {JSR133},
  title =        {{JSR-133: Java Memory Model and Thread Specification}},
  url =          {http://www.cs.umd.edu/~pugh/java/memoryModel/}
}

 @inproceedings{BannwartMueller05,
 author = {F. Y. Bannwart and P. M{\"u}ller},
 title = {A Logic for Bytecode},
 booktitle = {Bytecode Semantics, Verification, Analysis and Transformation (BYTECODE)},
 editor = {F. Spoto},
 year = {2005},
 series = {Electronic Notes in Theoretical Computer Science},
 volume = {141},
 issue = {1},
 pages = {255--273},
 publisher = {Elsevier}
}
 
@techreport{RaghavanL00,
author = "A.D. Raghavan and G.T. Leavens",
title = "Desugaring JML Method Specifications",
institution = "Department of Computer Science, Iowa State University",
number = "TR \#00-03e", 
year = 2000,
note = {Current revision from May 2005}
}

@Book{NipkowIsabelle,
  author =     {T. Nipkow and L. C. Paulson and M. Wenzel},
  title =     {Isabelle/HOL.  A Proof Assistant for Higher-Order Logic},
  publisher =     {Springer-Verlag},
  year =     {2002}
}
