@ARTICLE{canapa,
	AUTHOR = "M. Cielecki and J. Fulara and K. Jakubczyk and £. Jancewicz and A. Schubert and J. Chrz¹szcz and £. Kamiñski",
	TITLE = "Propagation of JML non-null Annotations in Java Programs",
	JOURNAL = "PPPJ'06: Proceedings of the 4th international symposium on Principles and Practices of Programming in Java",
	PAGES = {135-140},
	YEAR = {2006}	}
@ARTICLE{bmllib,
	AUTHOR = "A. Schubert and J. Chrz¹szcz and T. Batkiewicz and J. Paszek and W. W¹s",
	TITLE = "Technical Aspects of Class Specification in Java Byte Code",
	JOURNAL = "Proceedings of Bytecode'08",
	YEAR = {2008}	}
@MANUAL{bmlrefman,
	AUTHOR = "J. Chrz¹szcz and M. Huisman and J. Kiniry and M. Pavlova and A. Schubert",
	TITLE = "BML Reference Manual",
	URL = "http://www-sop.inria.fr/everest/BML/",
	YEAR = {2008}	}
@ARTICLE{escJava,
	AUTHOR = "D. Cok and J. Kiniry",
	TITLE = "ESC/Java2: Uniting ESC/Java and JML: Progress and issues in building and using ESC/Java2 and a report on a case study involving the use of ESC/Java2 to verify portions of an internet voting tally system",
	JOURNAL = "Construction and Analysis of Safe, Secure and Interoperable Smart Devices: Proceedings of the International Workshop CASSIS 2004",
	YEAR = {2005},
        PAGES ={108-128}	}
@ARTICLE{runtime,
	AUTHOR = "Y. Cheon and G. T. Leavens",
	TITLE = "A Runtime Assertion Checker for the Java Modeling Language",
	JOURNAL = "Proceedings of the International Conference on Software Engineering Research and Practice (SERP '02)",
	YEAR = {2002}}
@MISC{mobius,
	TITLE = "MOBIUS -- Mobility, Ubiquity and Security. Enabling proof-carrying code for Java on mobile devices",
	URL = "http://mobius.inria.fr/",
	ORGANIZATION = {"information Society Technologies programme of the European Commission FET project IST-2005-015905"}}
@ARTICLE{overviewOfJML,
	AUTHOR = "L. Burdy and Y. Cheon and D. Cok and M. Ernst and J. Kiniry and G. T. Leavens and K. R. M Leino and E. Poll",
	TITLE = "An Overview of JML Tools and Applications",
	JOURNAL = "FMICS: Eighth International Workshop on Formal Methods for Industrial Critical Systems",
	YEAR = {2003}}

@ARTICLE{daikon,
	AUTHOR = "M. D. Ernst and J. H. Perkins and P. J. Guo and S. McCammant and C. Pacheco and M. S. Tschantz and C. Xiao",
	TITLE = "Daikon System for Dynamic Detection of Likely Invariants",
	JOURNAL = "Science of Computer Programming",
	YEAR = {2007}}

@ARTICLE{bmlBurdy,
	AUTHOR = "L. Burdy and M. Huisman and M. Pavlova",
	TITLE = "Preliminary design of BML: A behavioral interface specification language for Java Bytecode",
	JOURNAL = "Fundamental Approaches to Software Engineering (FASE 2007)",
	YEAR = {2007},
        PAGES = {215-229}}

@MANUAL{jmlrefman,
	AUTHOR = "G. Leavens and E. Poll and C. Clifton and Y. Cheon and C. Ruby and D. Cok and J. Kiniry",
	TITLE = "JML Reference Manual",
        SCHOOL = {Department of Computer Science, Iowa State University},
	YEAR = {2005}}


@MISC{krakatoa,
       author = "C. Marche and C. Paulin-Mohring and X. Urbain",
       title = "The Krakatoa Tool for Certification of Java/JavaCard Programs Annotated in JML",
       journal = "Journal of Logic and Algebraic",
       year = {2004}}
       
@inproceedings{ pcc,
    author = "G. C. Necula",
    title = "Proof-Carrying Code",
    booktitle = "Conference Record of {POPL}~'97: The 24th {ACM} {SIGPLAN}-{SIGACT} Symposium on Principles of Programming Languages",
    address = "Paris, France",
    pages = {106-119},
    year = "1997" }

@misc{verification,
  author = "Andreas Gal and Michael Franz and Christian W. Probst",
  title = "Java Bytecode Verification via Static Single Assignment Form",

}


@Misc{JSR308,
  OPTkey = 	 {},
  OPTauthor = 	 {M. Ernst and D. Coward},
  OPTtitle = 	 {Annotations on Java Types},
  OPThowpublished = {JCP.org},
  OPTmonth = 	 {October 17},
  OPTyear = 	 {2006},
  OPTnote = 	 {JSR 308},
  OPTannote = 	 {}
}
