@string{LNCS="Lecture Notes in Computer Science"}
@string{ENTCS="Electronic Notes in Theoretical Computer Science"}



@Misc{simplify,
  OPTkey = 	 {},
  author = 	 {Simplify},
  OPTtitle = 	 {},
  OPThowpublished = {},
  OPTmonth = 	 {},
  OPTyear = 	 {},
  note = 	 {\texttt{http://research.compaq.com/SRC/esc/} \texttt{Simplify.html}},
  OPTannote = 	 {}
}

@InProceedings{BGS05sps,
  author = 	 {V. Braberman and D. Garbervetsky and S. Yovine},
  title = 	 {Synthesizing parametric specifications of dynamic memory utilization in object-oriented programs},
  booktitle = 	 {FTfJP'05},
  OPTcrossref =  {},
  OPTkey = 	 {},
  OPTpages = 	 {},
  year = 	 {2005},
  OPTeditor = 	 {},
  OPTvolume = 	 {},
  OPTnumber = 	 {},
  OPTseries = 	 {},
  OPTaddress = 	 {},
  OPTmonth = 	 {},
  OPTorganization = {},
  OPTpublisher = {},
  note = 	 {To appear},
  OPTannote = 	 {}
}

@article{AC03hba,
 author = {D. Aspinall and A. Compagnoni},
 title = {Heap-Bounded Assembly Language},
 journal = {Journal of Automed Reasoning},
 volume = {31},
 number = {3-4},
 year = {2003},
 issn = {0168-7433},
 pages = {261--302},
 publisher = {Kluwer Academic Publishers}
 }

@TECHREPORT{ACDJ04fsb,
    AUTHOR	= {R.M. Amadio and S. Coupet-Grimal and S. Dal Zilio and L. Jakubiec},
    TITLE	= {{A Functional Scenario for Bytecode Verification of Resource Bounds}},
    INSTITUTION	= {{LIF}},
    ADDRESS	= {Marseille, France},
    TYPE	= {Research report},
    NUMBER	= {17-2004},
    OPTMONTH	= {January},
    YEAR	= {2004},
    OPTNOTE	= {http://www.lim.univ-mrs.fr/Rapports/17-2004-Amadio-CoupetGrimal-DalZilio-Jakubiec.html}
}

@InProceedings{ADZ04:concur,
   author    = {Amadio, R. and {Dal Zilio}, S.},
   title     = {{Resource Control for Synchronous Cooperative Threads}},
   booktitle = {Proceedings of CONCUR'04},
   series    = LNCS,
   volume    = {3170},
   publisher = {Springer-Verlag},
   pages     = {68--82},
   month     = aug, 
   year      = 2004,
editor={P.~Gardner and N.~Yoshida}}



@inproceedings{AH02ats,
  author =       "D. Aspinall and M. Hofmann",
  title =        "Another Type System for In-Place Update",
  booktitle = "ESOP",
  journal =      "LNCS",
  volume =       "2305",
  pages =        "36--52",
  year =         "2002",
  series = 	 "LNCS"
}

@Book{ASU86cpt ,
  author = 	 {A.V. Aho, R. Sethi, J. Ullman},
  ALTeditor = 	 {},
  title = 	 {Compilers Principles, Techniques and Tools},
  publisher = 	 {Addison-Wesley Publiching Company},
  year = 	 {1986}, 
  OPTkey = 	 {},
  OPTvolume = 	 {},
  OPTnumber = 	 {},
  OPTseries = 	 {},
  OPTaddress = 	 {},
  OPTedition = 	 {},
  OPTmonth = 	 {},
  OPTnote = 	 {},
  OPTannote = 	 {}
}

@InProceedings{jll04:ase,
  title =	"Case Study in {JML}-Based Software Validation",
  author =	"Lydie du Bousquet and Yves Ledru and Oliver Maury and
		 Catherine Oriat and Jean-Louis Lanet",
  publisher =	"IEEE Computer Society",
  year = 	"2004",
  bibdate =	"2005-01-25",
  bibsource =	"DBLP,
		 http://dblp.uni-trier.de/db/conf/kbse/ase2004.html#BousquetLMOL04",
  booktitle =	"ASE",
  crossref =	"conf/kbse/2004",
  ISBN = 	"0-7695-2131-2",
  pages =	"294--297",
  URL =  	"http://csdl.computer.org/comp/proceedings/ase/2004/2131/00/21310294abs.htm",
}
@inproceedings{CEILN05,
title={{Enforcing Resource Bounds via Static Verification of Dynamic Checks}},
author={A. Chander and D. Espinosa and N. Islam and P. Lee and G. Necula},
booktitle={Proceedings of ESOP'05},
year={2005},
editor={S.~Sagiv},
series=lncs,
publisher={Springer-Verlag},
volume=3444,
pages={311-325}}  


@InProceedings{CJPS05cmu,
   Author = {D. Cachera and T. Jensen and D. Pichardie and G. Schneider},
   Title = {Certified memory usage analysis},
   BookTitle = {Proceedings of FM'05},
   pages = 	 {91--106},
   series = 	 LNCS,
   Year = {2005},
   volume = 	 {3582},
   note = {To appear},
 editor = {J.~Fitzgerald and I.~Hayes and A.~Tarlecki}}


@inproceedings{CW00rbc,
 author = {K. Crary and S. Weirich},
 title = {Resource bound certification},
 OPTbooktitle = {Proceedings of the 27th ACM SIGPLAN-SIGACT symposium on Principles of programming languages},
booktitle = {Proceedings of POPL'00},
 year = {2000},
 isbn = {1-58113-125-9},
 pages = {184--198},
 location = {Boston, MA, USA},
 doi = {http://doi.acm.org/10.1145/325694.325716},
 publisher = {ACM Press},
 }

@Article{FM03:jar,
  author =       "S. N. Freund and J. C. Mitchell",
  title =        "{A Type System for the Java Bytecode Language and Verifier}",
  journal =      "Journal of Automated Reasoning",
  volume =       "30",
  number =       "3-4",
  pages =        "271-321",
  month =        dec,
  year =         "2003"}

@InProceedings{GNYZ04pir,
  author = 	 {D. Garbervetsky and C. Nakhli and S. Yovine and H. Zorgati},
  title = 	 {Program Instrumentation and Run-Time Analysis of Scoped Memory in Java},
  booktitle =    {Proceedings of {RV}'04},
  year =         {2004},
  editor =    {K.~Havelund and G.~Rosu},
  volume =    {113},
  series =       entcs,
  publisher = {Elsevier} } 


@inproceedings{daikon,
   author =       "J.W. Nimmer and M.D. Ernst",
  title =        "Automatic Generation of Program Specifications",
  pages =        "232--242",
  booktitle =    "Proceedings of ISSTA'02",
  series =       "Software Engineering Notes",
  volume =       "27, 4",
  publisher =    "ACM Press",
  year =         "2002"}

@InProceedings{log04:vmcai,
  author =       {F. Logozzo},
  title =        {Automatic Inference of Class Invariants},
  booktitle = {Proceedings of {VMCAI}'04},
  year =         {2004},
  volume =       2937, 
  series =      lncs,
  publisher =    {Springer-Verlag},
pages={211-222},
editor="G.~Levi and B.~Steffen"}

@InProceedings{HJ03sph,
  author = {M. Hofmann and S. Jost},
  title = {Static Prediction of Heap Space usage for First-Order
		 Functional Programs},
  OPTbooktitle = {Proc.~of 30th ACM Symp.~on Principles of Programming Languages (POPL'03)},
  booktitle = {Proceedings of POPL'03},
  year = {2003},
  pages = {185--197},
  publisher = {ACM Press}
}


@inproceedings{HP99rdd,
    author = "J. Hughes and L. Pareto",
    title = "Recursion and Dynamic Data-structures in Bounded Space: Towards Embedded {ML} Programming",
    booktitle = "Proceedings of ICFP'99",
    OPTbooktitle = "International Conference on Functional Programming",
    pages = "70-81",
    year = "1999",
    url = "citeseer.nj.nec.com/hughes99recursion.html" 
}


@Article{Hofmann00tsb,
  author =       "M. Hofmann",
  title =        "A Type System for Bounded Space and Functional
                 In-Place Update",
  journal =      "Nordic Journal of Computing",
  volume =       "7",
  number =       "4",
  pages =        "258--289",
  year =         "2000"
}


@Manual{JMLRefMan,
  title =    {JML Reference Manual},
  author =   {G.T. Leavens and E. Poll and C. Clifton and Y. Cheon and
C. Ruby and D. Cok and J. Kiniry},
  OPTorganization = {},
  OPTaddress =   {},
  OPTedition =   {},
  OPTmonth =     {aug},
  OPTyear =      {2004},
  OPTnote =      {},
  OPTannote =    {}
}

@book{JVMspec,
title={{The Java Virtual Machine Specification, Second Edition}},
author={T. Lindholm and F. Yellin},
year={1999},
publisher={O'Reilly}}

@article{KN02:tcs,
title={Verified Bytecode Verifiers},
author={G. Klein and T. Nipkow},
journal=tcs,
year={2002},
pages="583--626",
  volume={298},
  number={3},
month=apr}

@Article{MWCG99tal,
  author = {G. Morrisett and D. Walker and K. Crary and N. Glew},
  title = {From {S}ystem {F} to typed assembly language},
  journal =  {ACM Trans. Program. Lang. Syst.},
  year = {1999},
  volume = {21},
  number = {3}	,
  pages = 	{527-568}
}

@INPROCEEDINGS{Q03plj,
   Author = {C.L. Quigley},
   Title = {A Programming Logic for Java Bytecode Programs},
   OPTBooktitle = {Proceedings of the 16th International Conference on Theorem Proving in Higher Order Logics},
Booktitle = {Proceedings of TPHOLs'03},
   Volume = {2758},
   Series = LNCS,
   Publisher = {Springer-Verlag},
   Year = {2003},
pages={41--54},
editor={D. Basin and B. Wolff}}

@InProceedings{RDFHL05ess,
  author = 	 {E. Rodr\i{i}guez and M.B. Dwyer and C. Flanagan and J. Hatcliff and G.T. Leavens and Robby},
  title = 	 {Extending Sequential Specification Techniques for Modular Specification and Verification of Multi-Threaded Programs},
  booktitle = 	 {Proceedings of ECOOP'05},
  OPTpages = 	 {},
  year = 	 {2005},
  note = 	 {To appear},
  OPTannote = 	 {},
series=lncs,
volume={3xxx},
publisher ={Springer-Verlag},}

@misc{SH01pjo,
  author = "I. Siveroni and C. Hankin",
  title = "A Proposal for the JCVMLe Operational Semantics",
  text = "Igor Siveroni and Chris Hankin. A Proposal for the JCVMLe Operational Semantics.
    SECSAFE-ICSTM-001-2.2, October 2001.",
  year = "2001",
  url = "citeseer.ist.psu.edu/siveroni01proposal.html" }

@TechReport{VC04fta,
  author = 	 {J. C. Vanderwaart and K. Crary},
  title = 	 {Foundational Typed Assembly Language for Grid Computing},
  institution =  {CMU},
  year = 	 {2004},
  number = 	 {CMU-CS-04-104},
  month = 	 {February}
}

@inproceedings{WN05abs,
title={Asserting Bytecode Safety},
author={M. Wildmoser and T. Nipkow},
booktitle={Proceedings of {ESOP}'05},
volume={3444},
editor ={S. Sagiv},
publisher ={Springer-Verlag},
series=lncs,
year={2005},
pages={326-341}}

@inproceedings{asp+04:cassis,
author={D. Aspinall and S. Gilmore and M. Hofmann and D. Sannella
and I. Stark},
title={{Mobile Resource Guarantees for Smart Devices}},
series= LNCS,
booktitle="Proceedings of CASSIS'04",
  volume =       "3362",
  pages =        "1--27",
  year =         "2005",
  publisher ={Springer-Verlag},
editor={G. Barthe and L. Burdy and M. Huisman and J.-L. Lanet and T. Muntean}
}

@book{bss:jbook,
title={{Java and the Java Virtual Machine - Definition, Verification, Validation}},
author={R. St{\"a}rk and J. Schmid and E. B{\"o}rger},
publisher= {{Springer-Verlag}},
year={2001}}

@manual{coq
, AUTHOR       = {{Coq Development Team}} 
, TITLE        = {{The Coq Proof Assistant User's Guide. Version 8.0}}
, MONTH        = {January}
, YEAR         = {2004}}

@InProceedings{fredlund04gcp,
  author = 	 {L.-A. Fredlund},
  title = 	 {Guaranteeing Correctness Properties of a Java Card Applet},
  booktitle =    {Proceedings of {RV}'04},
  pages =     {217-233},
  year =         {2004},
  editor =    {K.~Havelund and G.~Rosu},
  volume =    {113},
  series =       entcs,
  publisher = {Elsevier}}


@inproceedings{gpt04:csfw,
author={G. Barthe and P. D'Argenio and T. Rezk},
title={{Secure Information Flow by Self-Composition}},
OPTeditor={R. Foccardi},
booktitle={Proceedings of CSFW'04}, 
OPTbooktitle={CSFW'04}, 
pages={100-114},
publisher={IEEE Press}, 
year={2004}}

@techreport{marlet01sjc,
 title = "Syntax of the {J}{C}{V}{M} Language to be studied in the {S}ec{S}afe Project",
 author = "Renaud Marlet",
institution = {Trusted Logic SA},
 year = "2001",
 month = "May",
 number = "SECSAFE-TL-005",
url = "www.doc.ic.ac.uk/$\sim$siveroni/secsafe"		 
}

@manual{pvs,
        TITLE = {The {PVS} Proof Checker: A Reference Manual},
        AUTHOR = {N.~Shankar and S.~Owre and J.M.~Rushby},
        MONTH = feb,
        YEAR = 1993,
        ORGANIZATION = {Computer Science Laboratory, SRI International},
	note={Supplemented with the PVS2 Quick Reference Manual, 1997}	  
		  }

@TechReport{schneider04cba,
  author = 	 {G. Schneider},
  title = 	 {A constraint-based algorithm for analysing memory usage on Java cards},
  institution =  {INRIA},
  year = 	 {2004},
  OPTkey = 	 {},
  OPTtype = 	 {},
  number = 	 {RR-5440},
  OPTaddress = 	 {},
  month = 	 {December},
  OPTnote = 	 {},
  OPTannote = 	 {}
}


@article{siv04:jlap,
title = "Operational Semantics of the {J}ava {C}ard {V}irtual {M}achine",
author = "I. Siveroni",
year = "2004",
journal = "J.~Logic and Algebraic Programming",
volume = "58",
number = "1-2"
}
