
@inproceedings{WintersteinAL05,
  author    = {D. Winterstein and
               D. Aspinall and
               C. L{\"u}th},
  title     = {{Proof General/Eclipse}: A Generic Interface for Interactive
               Proof},
  booktitle = {IJCAI},
  year      = {2005},
  pages     = {1587-1588},
  ee        = {http://www.ijcai.org/papers/post-0503.pdf},
  crossref  = {DBLP:conf/ijcai/2005},
  bibsource = {DBLP, http://dblp.uni-trier.de}
}
@inproceedings{DEL-00-LTAC,
  author    = {D. Delahaye},
  title     = {A Tactic Language for the System {Coq}},
  booktitle = {LPAR},
  year      = {2000},
  pages     = {85-95},
  ee        = {http://link.springer.de/link/service/series/0558/bibs/1955/19550085.htm},
  crossref  = {DBLP:conf/lpar/2000},
  bibsource = {DBLP, http://dblp.uni-trier.de}
}

@proceedings{DBLP:conf/ijcai/2005,
  editor    = {L. Pack Kaelbling and
               A. Saffiotti},
  title     = {IJCAI-05, Proceedings of the Nineteenth International Joint
               Conference on Artificial Intelligence},
  booktitle = {IJCAI},
  publisher = {Professional Book Center},
  year      = {2005},
  isbn      = {0938075934},
  bibsource = {DBLP, http://dblp.uni-trier.de}
}
}


