@misc{Jack-Web,
  author =       {{T}he {Everest} {T}eam},
  title =        {The {J}ack website},
  year =         "2004-2006",
  note =         {  \url{http://www-sop.inria.fr/everest/soft/Jack} }
} 
@misc{eclipse-rcp,
   author = {{T}he {Eclipse} {C}onsortium},
   title = {Rich {C}lient {P}latform},
   note = {\url{http://wiki.eclipse.org/index.php/Rich_Client_Platform}}
}

@inproceedings{ bertot94proof,
    author = "Yves Bertot and Gilles Kahn and Laurent Th{\'e}ry",
    title = "Proof by Pointing",
    booktitle = "Proceedings of the International Symposium on Theoretical Aspects of Computer Softward",
    publisher = "Springer-Verlag LNCS 789",
    address = "Sendai, Japan",
    editor = "M. Hagiya and J. C. Mitchell",
    pages = "141--160",
    year = "1994",
    note ={\url{http://citeseer.ist.psu.edu/bertot94proof.html}} }


