@misc{SH01pjo,
  author = "I. Siveroni and C. Hankin",
  title = "A Proposal for the JCVMLe Operational Semantics",
  text = "Igor Siveroni and Chris Hankin. A Proposal for the JCVMLe Operational Semantics.
    SECSAFE-ICSTM-001-2.2, October 2001.",
  year = "2001",
  url = "citeseer.ist.psu.edu/siveroni01proposal.html" }



@article{AC03hba,
 author = {D. Aspinall and A. Compagnoni},
 title = {Heap-Bounded Assembly Language},
 journal = {Journal of Automated Reasoning},
 volume = {31},
 number = {3-4},
 year = {2003},
 issn = {0168-7433},
 pages = {261--302},
 publisher = {Kluwer Academic Publishers}
 }

@TECHREPORT{ACDJ04fsb,
    AUTHOR	= {R.M. Amadio and S. Coupet-Grimal and S. Dal Zilio and L. Jakubiec},
    TITLE	= {{A Functional Scenario for Bytecode Verification of Resource Bounds}},
    INSTITUTION	= {{LIF}},
    ADDRESS	= {Marseille, France},
    TYPE	= {Research report},
    NUMBER	= {17-2004},
    OPTMONTH	= {January},
    YEAR	= {2004},
    OPTNOTE	= {http://www.lim.univ-mrs.fr/Rapports/17-2004-Amadio-CoupetGrimal-DalZilio-Jakubiec.html}
}

@inproceedings{AH02ats,
  author =       "D. Aspinall and M. Hofmann",
  title =        "Another Type System for In-Place Update",
  booktitle = "ESOP",
  journal =      "LNCS",
  volume =       "2305",
  pages =        "36--52",
  year =         "2002",
  series = 	 "LNCS"
} 

@Book{ASU86cpt ,
  author = 	 {A.V. Aho, R. Sethi, J. Ullman},
  ALTeditor = 	 {},
  title = 	 {Compilers Principles, Techniques and Tools},
  publisher = 	 {Addison-Wesley Publiching Company},
  year = 	 {1986}, 
  OPTkey = 	 {},
  OPTvolume = 	 {},
  OPTnumber = 	 {},
  OPTseries = 	 {},
  OPTaddress = 	 {},
  OPTedition = 	 {},
  OPTmonth = 	 {},
  OPTnote = 	 {},
  OPTannote = 	 {}
}

@inproceedings{BRL03:fme,
title = {{Java Applet Correctness: a Developer-Oriented Approach}},
author = "L. Burdy and A. Requet and J.-L. Lanet",
year = 2003,
booktitle = "Proceedings of FME'03",
publisher = "Springer",
series = "LNCS",
number = 2805, 
pages = "422--439",
editor="K. Araki and S. Gnesi and D. Mandrioli"}




@INPROCEEDINGS{CJPS05cmu,
  AUTHOR = {David Cachera and Thomas Jensen and David Pichardie 
and Gerardo Schneider},
  TITLE = {Certified Memory Usage Analysis},
  PAGES = {91--106},
  YEAR = {2005},
  BOOKTITLE = {Proc.\ of 13th International Symposium on Formal Methods (FM'05)},
  PUBLISHER = {Springer-Verlag},
  VOLUME = {3582},
  SERIES = {Lecture Notes in Computer Science}
}

@inproceedings{CW00rbc,
 author = {K. Crary and S. Weirich},
 title = {Resource bound certification},
 booktitle = {Proceedings of the 27th ACM SIGPLAN-SIGACT symposium on Principles of programming languages},
 year = {2000},
 isbn = {1-58113-125-9},
 pages = {184--198},
 location = {Boston, MA, USA},
 doi = {http://doi.acm.org/10.1145/325694.325716},
 publisher = {ACM Press},
 } 

@Article{FM03:jar,
  author =       "S. N. Freund and J. C. Mitchell",
  title =        "{A Type System for the Java Bytecode Language and Verifier}",
  journal =      "Journal of Automated Reasoning",
  volume =       "30",
  number =       "3-4",
  pages =        "271-321",
  month =        dec,
  year =         "2003"}


@InProceedings{GNYZ04pir,
  author = 	 {D. Garbervetsky and C. Nakhli and S. Yovine and H. Zorgati},
  title = 	 {Program Instrumentation and Run-Time Analysis of Scoped Memory in Java},
  booktitle = 	 {RV'04},
  OPTpages = 	 {},
  year = 	 {2004},
  OPTeditor = 	 {},
  OPTvolume = 	 {},
  OPTnumber = 	 {},
  series = 	 {ENCS},
  OPTpublisher = {}
}


@InProceedings{HJ03sph,
  author = {M. Hofmann and S. Jost},
  title = {Static Prediction of Heap Space usage for First-Order
		 Functional Programs},
  booktitle = {Proc.~of 30th ACM Symp.~on Principles of Programming
		 Languages (POPL'03)},
  year = {2003},
  pages = {185--197},
  publisher = {ACM Press}
}


@inproceedings{HP99rdd,
    author = "J. Hughes and L. Pareto",
    title = "Recursion and Dynamic Data-structures in Bounded Space: Towards Embedded {ML} Programming",
    booktitle = "International Conference on Functional Programming",
    pages = "70-81",
    year = "1999",
    url = "citeseer.nj.nec.com/hughes99recursion.html" 
}

@Article{Hofmann00tsb,
  author =       "M. Hofmann",
  title =        "A Type System for Bounded Space and Functional
                 In-Place Update",
  journal =      "Nordic Journal of Computing",
  volume =       "7",
  number =       "4",
  pages =        "258--289",
  year =         "2000"
}



@book{JVMspec,
title={{The Java Virtual Machine Specification, Second Edition}},
author={T. Lindholm and F. Yellin},
year={1999}}


@article{KN02:tcs,
title={Verified Bytecode Verifiers},
author={G. Klein and T. Nipkow},
journal=tcs,
year={2002},
pages="583--626",
  volume={298},
  number={3},
month=apr}

@unpublished{LM05:acc,
title={Annotation Carrying Code},
author={L. Burdy and M. Pavlova},
note={Manuscript},
year={2004}}

@Article{MWCG99tal,
  author = {G. Morrisett and D. Walker and K. Crary and N. Glew},
  title = {From {S}ystem {F} to typed assembly language},
  journal =  {ACM Trans. Program. Lang. Syst.},
  year = {1999},
  volume = {21},
  number = {3}	,
  pages = 	{527-568}
}

@INPROCEEDINGS{Q03plj,
   Author = {C.L. Quigley},
   Title = {A Programming Logic for Java Bytecode Programs},
   Booktitle = {Proceedings of the 16th International Conference on Theorem Proving in Higher Order Logics},
   Volume = {2758},
   Series = {Lecture Notes in Computer Science},
   Publisher = {Springer-Verlag},
   Year = {2003}
}

@InProceedings{RDFHL05ess,
  author = 	 {E. Rodr\i{i}guez and M.B. Dwyer and C. Flanagan and J. Hatcliff and G.T. Leavens and Robby},
  title = 	 {Extending Sequential Specification Techniques for Modular Specification and Verification of Multi-Threaded Programs},
  booktitle = 	 {ECOOP 2005},
  OPTpages = 	 {},
  year = 	 {2005},
  note = 	 {To appear},
  OPTannote = 	 {}
}

@TechReport{VC04fta,
  author = 	 {J. C. Vanderwaart and K. Crary},
  title = 	 {Foundational Typed Assembly Language for Grid Computing},
  institution =  {CMU},
  year = 	 {2004},
  number = 	 {CMU-CS-04-104},
  month = 	 {February}
}

@inproceedings{WN05abs,
  author =  {M. Wildmoser and T. Nipkow},
  title =   {Asserting Bytecode Safety},
  booktitle = {Proceedings of the 15th European Symposium on Programming (ESOP05)},
  year =    2005,
  note = {To appear},
  url =     {\url{http://www4.in.tum.de/~wildmosm/publications/WildmoserN-ESOP05.pdf}}
}

@inproceedings{asp+04:cassis,
author={D. Aspinall and S. Gilmore and M. Hofmann and D. Sannella
and I. Stark},
title={{Mobile Resource Guarantees for Smart Devices}},
series= {LNCS},
booktitle="Proceedings of CASSIS'04",
  volume =       "3362",
  pages =        "1--27",
  year =         "2005",
  editor={G. Barthe and L. Burdy and M. Huisman and J.-L. Lanet and T. Muntean}
}

@book{bss:jbook,
title={{Java and the Java Virtual Machine - Definition, Verification, Validation}},
author={R. St{\"a}rk and J. Schmid and E. B{\"o}rger},
publisher= {Springer},
year={2001}}

@manual{coq
, AUTHOR       = {{Coq Development Team}} 
, TITLE        = {{The Coq Proof Assistant User's Guide. Version 8.0}}
, MONTH        = {January}
, YEAR         = {2004}}


@InProceedings{fredlund04gcp,
  author = 	 {L.-A. Fredlund},
  title = 	 {Guaranteeing Correctness Properties of a Java Card Applet},
  booktitle = 	 {RV'04},
  OPTpages = 	 {},
  year = 	 {2004},
  OPTeditor = 	 {},
  OPTvolume = 	 {},
  OPTnumber = 	 {},
  series = 	 {ENTCS},
  OPTpublisher = {}
}

@inproceedings{gpt04:csfw,
author={G. Barthe and P. D'Argenio and T. Rezk},
title={{Secure Information Flow by Self-Composition}},
editor={R. Foccardi},
booktitle={Proceedings of CSFW'04}, 
pages={100-114},
publisher={IEEE Press}, 
year={2004}}

@inproceedings{m+04:cardis,
author={M. Pavlova and G. Barthe and L. Burdy and M. Huisman and J.-L. Lanet},
title={Enforcing High-Level Security Properties For Applets},
editor={P. Paradinas and J.-J. Quisquater}, 
booktitle={{Proceedings of CARDIS'04}}, 
publisher={Kluwer}, 
year={2004},
pages={}}

@techreport{marlet01sjc,
 title = "Syntax of the {J}{C}{V}{M} Language to be studied in the {S}ec{S}afe Project",
 author = "Renaud Marlet",
institution = {Trusted Logic SA},
 year = "2001",
 month = "May",
 number = "SECSAFE-TL-005",
url = "www.doc.ic.ac.uk/$\sim$siveroni/secsafe"		 
}

@manual{pvs,
        TITLE = {The {PVS} Proof Checker: A Reference Manual},
        AUTHOR = {N.~Shankar and S.~Owre and J.M.~Rushby},
        MONTH = feb,
        YEAR = 1993,
        ORGANIZATION = {Computer Science Laboratory, SRI International},
	note={Supplemented with the PVS2 Quick Reference Manual, 1997}	  
		  }


@TechReport{schneider04cba,
  author = 	 {G. Schneider},
  title = 	 {A constraint-based algorithm for analysing memory usage on Java cards},
  institution =  {INRIA},
  year = 	 {2004},
  OPTkey = 	 {},
  OPTtype = 	 {},
  number = 	 {RR-5440},
  OPTaddress = 	 {},
  month = 	 {December},
  OPTnote = 	 {},
  OPTannote = 	 {}
}
