@string{ENTCS   = "ENTCS"}

@inproceedings{ArthoBiere05InliningSubroutines,
author = "C. Artho and A. Biere",
title = "Subroutine Inlining and Bytecode Abstraction to Simplify Static and Dynamic Analysis",
booktitle = "1st Workshop on Bytecode Semantics, Verification, Analysis and Transformation (BYTECODE'05)",
year = 2005,
note = "To appear",
publisher = ENTCS
}


@article{BreunesseCHJ04,
title = {Formal Methods for Smart Cards: an experience report},
author = "C. Breunesse and N. Cata{\~n}o and M. Huisman and B. Jacobs",
volume = 55,
issue = "1 - 3",
pages = "53--80",
journal = "Science of Computer Programming",
year = 2005
}


@article{BurdyCCEKLLP05,
title = "An overview of {JML} tools and applications",
author = "L. Burdy and Y. Cheon and D. Cok and M. Ernst and J. Kiniry and G.T. Leavens and K.R.M. Leino and E. Poll",
journal = "STTT",
volume = 7,
issue =3,
year = 2005
}

@inproceedings{BurdyP06,
author = {L. Burdy and M. Pavlova},
title = "Java Bytecode Specification and Verification", 
booktitle = "SAC'06",
note = "To appear",
year = "2006"
}

@unpublished{JMLReferenceManual05,
AUTHOR = "G.T. Leavens and E. Poll and C. Clifton and Y. Cheon and C. Ruby and  D. Cok and P. M{\"u}ller and J. Kiniry",
TITLE  = "{JML} Reference Manual",
year = 2005,
NOTE   = "Preliminary draft \\\verb+http://www.cs.iastate.edu/~leavens/JML/jmlrefman/jmlrefman_toc.html+"
}


@book{VMSpec,
author = {T. Lindholm and F. Yellin},
title = {Java Virtual Machine Specification},
PUBLISHER    = "Addison-Wesley", 
SERIES       = "The Java Series",
year =     {2004}
}

@Manual{CLDCv1.1,
  title = 	 {Connected Limited Device Configuration.Specification Version 1.1. Java${}^{\mathrm{TM}}$ 2 Platform, Micro Edition (J2ME${}^{\mathrm{TM}}$)},
  organization = {Sun Microsystems Inc.},
  address =	 {4150 Network Circle, Santa Clara, California 95054},
  month =	 {March},
  year =	 2003,
  note =	 {http://jcp.org/aboutJava/communityprocess/final/jsr139/index.html}
}

@Manual{MIDPv2.0,
  title = 	 {Mobile Information Device Profile for Java${}^{\mathrm{TM}}$ 2 Micro Edition},
  organization = {Sun Microsystems Inc.},
  address =	 {4150 Network Circle, Santa Clara, California 95054},
  month =	 {November},
  year =	 2002,
  note =	 {http://jcp.org/aboutJava/communityprocess/final/jsr118/index.html}
}

@Book{JVMspec,
  author =	 {Tim Lindholm and Frank Yellin},
  title = 	 {The Java${}^{\mathrm{TM}}$ Virtual Machine Specification. Second Edition},
  publisher = 	 {Sun Microsystems, Inc.},
  year = 	 1999,
  note =	 {http://java.sun.com/docs/books/vmspec/}
}

@Book{JLS,
  author =	 {James Gosling and Bill Joy and Guy Steele and Gilad Bracha},
  title = 	 {The Java Language Specification, Third Edition},
  publisher = 	 {Sun Microsystems, Inc.},
  year = 	 2005,
  note =	 {http://java.sun.com/docs/books/jls/index.html}
}

@Misc{JavaAPI,
  title =	 {Java${}^{\mathrm{TM}}$ 2 Platform Standard Edition 5.0 API Specification},
  howpublished = {Sun Microsystems, Inc.},
  year =	 2004,
  note =	 {http://java.sun.com/j2se/1.5.0/docs/api/index.html}
}
