References mentioned in the paper:
Schneider99
Necula97
Wolper01
LeavensPCCRCK05
OwreRRSS96
Oheimb01
GoslingJSB05
Huisman08
PavlovaBBHL04

@inproceedings{Aktug07,
  author = {Irem Aktug and Katsiaryna Naliuka},
  title = {{ConSpec: A Formal Language for Policy Specification}},
  booktitle = {Proceedings of The First Int. Workshop on Run Time Enforcement
               for Mobile and Distributed Systems (REM'07)},
  volume = {197-1},
  series = {Electronic Notes in Theoretical Computer Science},
  pages = {45--58},
  month = sep,
  year = {2007},
  address = {Dresden, Germany},
}

@techreport{Cheon05,
  author = {Yoonsik Cheon and Ashaveena Perumendla},
  title = {{Specifying and Checking Method Call Sequences of Java Programs}},
  type = {Technical Report},
  number = {nr. TR 05-32},
  institution = {Department of Computer Science, University of Texas at El Paso, El Paso, TX},
  month = nov,
  year = {2005},
}

@inproceedings{Cheon07,
  author = {Yoonsik Cheon and Ashaveena Perumendla},
  title = {{Specifying and Checking Method Call Sequences of Java Programs}},
  booktitle = {Software Quality Journal},
  volume = {15-1},
  pages = {7--25},
  publisher = {Springer Netherlands},
  month = mar,
  year = {2007},
}

@INPROCEEDINGS{Giorgetti06,
  author = {Giorgetti, Alain and Groslambert, Julien},
  title = {{JAG}: {JML} {A}nnotation {G}eneration for Verifying Temporal
Properties},
  booktitle = {FASE'2006, Fundamental Approaches to Software Engineering},
  series = {LNCS},
  volume = 3922,
  pages = {373--376},
  address = {Vienna, Austria},
  publisher = {Springer},
  url = {http://dx.doi.org/10.1007/11693017_27},
  month = MAR,
  year = 2006
}

@inproceedings{Hubbers03,
 author = {Engelbert Hubbers and Martijn Oostdijk and Erik Poll},
 title = {From Finite State Machines To Provably Correct Java Card Applets},
 booktitle = {Proceedings of the 18th IFIP Information Security Conference},
 editor = {Dimitris Gritzalis and Sabrina De Capitani di Vimercati and
           Pierangela Samarati and Sokratis K. Katsikas},
 pages = {465--470},
 publisher = {Kluwer Academic Publishers},
 year = 2003,
 isbn = {1-4020-7449-2}
}

